{"gold_per_floor":[110,110,110,110,110,139,139,150,150,150,163,163,179,189,189,287,287,301,321,321,341,368,368,368,387,414,425,445,457,468,468],"floor_reached":31,"playtime":1299,"items_purged":[],"score":279,"play_id":"08ca38c2-600d-4e85-a379-2877955c02cb","local_time":"20191116191519","is_ascension_mode":true,"campfire_choices":[{"data":"Fusion","floor":7.0,"key":"SMITH"},{"data":"Zap","floor":10.0,"key":"SMITH"},{"data":"Hologram","floor":15.0,"key":"SMITH"},{"data":"Echo Form","floor":23.0,"key":"SMITH"}],"neow_cost":"NONE","seed_source_timestamp":276481331640253,"circlet_count":0,"master_deck":["Strike_B","Strike_B","Defend_B+1","Defend_B","Defend_B","Defend_B","Zap+1","Dualcast","Turbo+1","Fusion+1","Blizzard","Cold Snap","Loop","Hologram+1","Echo Form+1","Glacier","Biased Cognition"],"special_seed":0,"relics":["Cracked Core","NeowsBlessing","War Paint","Meat on the Bone","Bronze Scales","Calipers","SlaversCollar","Red Mask"],"potions_floor_usage":[31,31],"damage_taken":[{"damage":0.0,"enemies":"Jaw Worm","floor":1.0,"turns":1.0},{"damage":0.0,"enemies":"Gremlin Nob","floor":6.0,"turns":1.0},{"damage":0.0,"enemies":"Small Slimes","floor":8.0,"turns":1.0},{"damage":2.0,"enemies":"2 Louse","floor":11.0,"turns":3.0},{"damage":0.0,"enemies":"Red Slaver","floor":13.0,"turns":3.0},{"damage":10.0,"enemies":"Large Slime","floor":14.0,"turns":7.0},{"damage":30.0,"enemies":"Hexaghost","floor":16.0,"turns":10.0},{"damage":25.0,"enemies":"Chosen","floor":18.0,"turns":5.0},{"damage":5.0,"enemies":"3 Byrds","floor":19.0,"turns":2.0},{"damage":12.0,"enemies":"Centurion and Healer","floor":21.0,"turns":9.0},{"damage":29.0,"enemies":"Masked Bandits","floor":22.0,"turns":5.0},{"damage":10.0,"enemies":"Cultist and Chosen","floor":25.0,"turns":10.0},{"damage":39.0,"enemies":"3 Cultists","floor":27.0,"turns":7.0},{"damage":13.0,"enemies":"Snake Plant","floor":28.0,"turns":6.0},{"damage":15.0,"enemies":"Centurion and Healer","floor":29.0,"turns":10.0},{"damage":6.0,"enemies":"Cultist and Chosen","floor":30.0,"turns":7.0},{"damage":36,"enemies":"Gremlin Leader","floor":31,"turns":3}],"seed_played":"-732186007306398936","potions_obtained":[{"floor":11.0,"key":"FearPotion"},{"floor":13.0,"key":"PotionOfCapacity"},{"floor":14.0,"key":"AttackPotion"},{"floor":19.0,"key":"Explosive Potion"},{"floor":25.0,"key":"Dexterity Potion"},{"floor":29.0,"key":"ColorlessPotion"},{"floor":30.0,"key":"Fruit Juice"}],"is_trial":false,"path_per_floor":["M","$","?","?","?","E","R","M","T","R","M","T","M","M","R","B",null,"M","M","?","M","?","R","?","M","T","M","M","M","M","E"],"character_chosen":"DEFECT","items_purchased":[],"campfire_rested":0,"item_purchase_floors":[],"current_hp_per_floor":[75,75,72,72,77,77,77,77,77,77,75,75,75,65,65,47,80,55,50,50,50,33,33,59,49,49,22,21,18,29,0],"gold":468,"neow_bonus":"THREE_ENEMY_KILL","is_prod":false,"is_daily":false,"chose_seed":false,"campfire_upgraded":4,"win_rate":0,"timestamp":1573913719,"path_taken":["M","$","?","?","?","E","R","M","T","R","M","?","?","M","R","BOSS","M","M","?","M","?","R","?","M","T","?","?","M","M","E"],"build_version":"2019-10-30","purchased_purges":0,"victory":false,"max_hp_per_floor":[75,75,75,75,80,80,80,80,80,80,80,80,80,80,80,80,80,80,80,80,80,80,80,80,80,80,80,80,80,85,85],"card_choices":[{"not_picked":["Conserve Battery","Stack"],"picked":"Turbo","floor":1.0},{"not_picked":["Hologram","All For One"],"picked":"Blizzard","floor":6.0},{"not_picked":["Lockon","Stack","Steam"],"picked":"SKIP","floor":8.0},{"not_picked":["Stack","Gash"],"picked":"Cold Snap","floor":11.0},{"not_picked":["Streamline","Gash"],"picked":"Loop","floor":13.0},{"not_picked":["Beam Cell","Compile Driver"],"picked":"Hologram","floor":14.0},{"not_picked":["Reboot","Hyperbeam"],"picked":"Echo Form","floor":16.0},{"not_picked":["Chaos","Leap","Sweeping Beam"],"picked":"SKIP","floor":18.0},{"not_picked":["Melter+1","Recycle","Beam Cell"],"picked":"SKIP","floor":19.0},{"not_picked":["Conserve Battery","Hologram"],"picked":"Glacier","floor":21.0},{"not_picked":["Beam Cell","Conserve Battery+1","Force Field+1"],"picked":"SKIP","floor":25.0},{"not_picked":["Steam","Doom and Gloom","Aggregate"],"picked":"SKIP","floor":27.0},{"not_picked":["Darkness","Cold Snap"],"picked":"Biased Cognition","floor":28.0},{"not_picked":["Beam Cell+1","Steam Power+1","Go for the Eyes"],"picked":"SKIP","floor":29.0},{"not_picked":["Conserve Battery","Fusion","Rebound+1"],"picked":"SKIP","floor":30.0}],"player_experience":68399,"relics_obtained":[{"floor":6.0,"key":"Meat on the Bone"},{"floor":9.0,"key":"Bronze Scales"},{"floor":12.0,"key":"Calipers"},{"floor":22.0,"key":"Red Mask"}],"event_choices":[{"damage_healed":0.0,"max_hp_gain":0.0,"max_hp_loss":0.0,"gold_gain":0.0,"event_name":"Scrap Ooze","player_choice":"Success","floor":3.0,"gold_loss":0.0,"damage_taken":3.0,"relics_obtained":["War Paint"]},{"damage_healed":0.0,"max_hp_gain":0.0,"max_hp_loss":0.0,"gold_gain":0.0,"cards_transformed":["Strike_B"],"event_name":"Living Wall","player_choice":"Change","floor":4.0,"gold_loss":0.0,"damage_taken":0.0,"cards_obtained":["Fusion"]},{"damage_healed":0.0,"max_hp_gain":5.0,"max_hp_loss":0.0,"gold_gain":0.0,"event_name":"Big Fish","player_choice":"Donut","floor":5.0,"gold_loss":0.0,"damage_taken":0.0},{"cards_removed":["Strike_B"],"damage_healed":0.0,"max_hp_gain":0.0,"max_hp_loss":0.0,"gold_gain":0.0,"event_name":"Back to Basics","player_choice":"Elegance","floor":20.0,"gold_loss":0.0,"damage_taken":0.0},{"damage_healed":0.0,"max_hp_gain":0.0,"max_hp_loss":0.0,"gold_gain":0.0,"event_name":"Masked Bandits","player_choice":"Fought Bandits","floor":22.0,"gold_loss":0.0,"damage_taken":0.0},{"damage_healed":26.0,"max_hp_gain":0.0,"max_hp_loss":0.0,"gold_gain":0.0,"event_name":"The Library","player_choice":"Heal","floor":24.0,"gold_loss":0.0,"damage_taken":0.0}],"is_beta":true,"boss_relics":[{"not_picked":["Fusion Hammer","Tiny House"],"picked":"SlaversCollar"}],"items_purged_floors":[],"is_endless":false,"potions_floor_spawned":[11,13,14,19,25,29,30],"killed_by":"Gremlin Leader","ascension_level":1}