{"gold_per_floor":[119,119,194,194,207,242,242,16,16,40,14,14,30,43,43,163,163,179,32,57,57,57,57,90,90,161,161,161,182,16,32,32,161,161,174,237,37,370,54,79,1,21,21,36,51,51,80,90,90,90],"floor_reached":51,"playtime":1987,"items_purged":["Defend_B","Strike_B","Defend_B"],"score":873,"play_id":"f55a0ed3-f583-4751-b25d-713cdab32590","local_time":"20191113182350","is_ascension_mode":false,"campfire_choices":[{"floor":7.0,"key":"REST"},{"data":"Zap","floor":12.0,"key":"SMITH"},{"data":"Dualcast","floor":15.0,"key":"SMITH"},{"data":"Beam Cell","floor":23.0,"key":"SMITH"},{"data":"Go for the Eyes","floor":32.0,"key":"SMITH"},{"data":"Reinforced Body","floor":46.0,"key":"SMITH"},{"data":"Scrape","floor":49.0,"key":"SMITH"}],"neow_cost":"NONE","seed_source_timestamp":13511202922440,"circlet_count":0,"master_deck":["Strike_B","Strike_B","Defend_B","Defend_B","Zap+1","Dualcast+1","Gash","Self Repair","FTL","Skim","Go for the Eyes+1","Genetic Algorithm","Steam","All For One","CurseOfTheBell","Beam Cell+1","Core Surge","Swift Strike","Scrape+1","Gash","Reinforced Body+1","FTL+1"],"special_seed":0,"relics":["Cracked Core","Orichalcum","Nunchaku","Membership Card","Ancient Tea Set","Calling Bell","Smiling Mask","InkBottle","Gambling Chip","Incense Burner","MutagenicStrength","Art of War","Singing Bowl","Akabeko","SlaversCollar","TungstenRod","Oddly Smooth Stone","Strawberry","FossilizedHelix","DollysMirror","Bag of Preparation","Anchor","White Beast Statue","Thread and Needle"],"potions_floor_usage":[50,50,50,50],"damage_taken":[{"damage":5.0,"enemies":"Jaw Worm","floor":1.0,"turns":2.0},{"damage":1.0,"enemies":"Small Slimes","floor":5.0,"turns":3.0},{"damage":14.0,"enemies":"Gremlin Nob","floor":6.0,"turns":4.0},{"damage":5.0,"enemies":"2 Louse","floor":10.0,"turns":2.0},{"damage":0.0,"enemies":"Blue Slaver","floor":13.0,"turns":2.0},{"damage":4.0,"enemies":"3 Louse","floor":14.0,"turns":3.0},{"damage":13.0,"enemies":"The Guardian","floor":16.0,"turns":11.0},{"damage":0.0,"enemies":"Chosen","floor":18.0,"turns":3.0},{"damage":0.0,"enemies":"2 Thieves","floor":20.0,"turns":3.0},{"damage":7.0,"enemies":"Book of Stabbing","floor":24.0,"turns":4.0},{"damage":0.0,"enemies":"Cultist and Chosen","floor":29.0,"turns":4.0},{"damage":0.0,"enemies":"Snake Plant","floor":31.0,"turns":2.0},{"damage":66.0,"enemies":"Automaton","floor":33.0,"turns":8.0},{"damage":0.0,"enemies":"Orb Walker","floor":35.0,"turns":2.0},{"damage":11.0,"enemies":"Mind Bloom Boss Battle","floor":36.0,"turns":5.0},{"damage":0.0,"enemies":"Giant Head","floor":40.0,"turns":6.0},{"damage":0.0,"enemies":"3 Darklings","floor":42.0,"turns":2.0},{"damage":0.0,"enemies":"Maw","floor":44.0,"turns":6.0},{"damage":9.0,"enemies":"Jaw Worm Horde","floor":45.0,"turns":4.0},{"damage":0.0,"enemies":"Nemesis","floor":47.0,"turns":3.0},{"damage":0.0,"enemies":"3 Darklings","floor":48.0,"turns":3.0},{"damage":0,"enemies":"Donu and Deca","floor":50,"turns":6}],"seed_played":"-4202917553431074014","potions_obtained":[{"floor":1.0,"key":"Block Potion"},{"floor":5.0,"key":"Block Potion"},{"floor":10.0,"key":"SkillPotion"},{"floor":16.0,"key":"Fire Potion"},{"floor":24.0,"key":"CultistPotion"},{"floor":33.0,"key":"Swift Potion"},{"floor":36.0,"key":"Energy Potion"},{"floor":42.0,"key":"CultistPotion"},{"floor":44.0,"key":"EntropicBrew"},{"floor":45.0,"key":"LiquidBronze"}],"is_trial":false,"path_per_floor":["M","?","?","?","M","E","R","$","T","M","$","R","M","M","R","B",null,"M","$","M","?","?","R","E","T","T","?","?","M","$","M","R","B",null,"M","?","$","?","$","E","$","M","T","M","M","R","E","M","R","B",null],"character_chosen":"DEFECT","items_purchased":["Membership Card","FTL","Go for the Eyes","Incense Burner","Akabeko","Swift Strike","Oddly Smooth Stone","Strawberry","FossilizedHelix","Scrape","DollysMirror","Reinforced Body","DuplicationPotion","Anchor"],"campfire_rested":1,"item_purchase_floors":[8,8,11,19,30,30,37,37,39,39,39,39,39,41],"current_hp_per_floor":[70,70,59,41,40,26,48,48,48,50,50,50,50,53,53,47,75,75,75,75,75,59,59,59,59,59,59,59,68,68,70,70,13,81,83,81,88,88,88,94,94,96,96,96,96,96,100,102,102,102],"gold":90,"neow_bonus":"RANDOM_COMMON_RELIC","is_prod":false,"is_daily":false,"chose_seed":false,"campfire_upgraded":6,"win_rate":0,"timestamp":1573651430,"path_taken":["M","?","?","?","M","E","R","$","T","M","?","R","M","M","R","BOSS","M","$","M","?","?","R","E","?","T","?","?","?","$","M","R","BOSS","M","?","$","?","$","E","?","M","T","M","M","R","E","M","R","BOSS"],"build_version":"2019-10-30","purchased_purges":3,"victory":true,"max_hp_per_floor":[75,75,75,75,75,75,75,75,75,75,75,75,75,75,75,75,75,75,75,75,75,75,75,75,75,75,75,75,77,77,79,79,81,81,83,85,92,92,92,94,94,96,96,96,98,98,100,102,102,102],"card_choices":[{"not_picked":["Steam Power","Turbo","Rebound"],"picked":"SKIP","floor":1.0},{"not_picked":["Auto Shields","Conserve Battery","Barrage"],"picked":"SKIP","floor":5.0},{"not_picked":["Coolheaded","Hologram"],"picked":"Self Repair","floor":6.0},{"not_picked":["Coolheaded","Melter"],"picked":"Skim","floor":10.0},{"not_picked":["Streamline","Double Energy"],"picked":"Genetic Algorithm","floor":13.0},{"not_picked":["Undo","Rebound"],"picked":"Steam","floor":14.0},{"not_picked":["Fission","Multi-Cast"],"picked":"All For One","floor":16.0},{"not_picked":["Rebound","Redo"],"picked":"Beam Cell","floor":18.0},{"not_picked":["Barrage","Rebound","Leap+1"],"picked":"SKIP","floor":20.0},{"not_picked":["Conserve Battery","Recycle+1"],"picked":"Core Surge","floor":24.0},{"not_picked":["Storm","Streamline","Ball Lightning"],"picked":"Singing Bowl","floor":29.0},{"not_picked":["Cold Snap","Stack","Hologram"],"picked":"Singing Bowl","floor":31.0},{"not_picked":["Machine Learning","Creative AI","Seek"],"picked":"Singing Bowl","floor":33.0},{"not_picked":["Rebound","Go for the Eyes+1","Sweeping Beam+1"],"picked":"Singing Bowl","floor":35.0},{"not_picked":["Beam Cell+1","Steam Power+1","Leap+1"],"picked":"Singing Bowl","floor":36.0},{"not_picked":["Leap","Amplify","Sunder"],"picked":"Singing Bowl","floor":40.0},{"not_picked":["Turbo","Steam","Beam Cell"],"picked":"Singing Bowl","floor":42.0},{"not_picked":["Stack","Cold Snap"],"picked":"FTL+1","floor":44.0},{"not_picked":["Streamline","Barrage+1","Compile Driver+1"],"picked":"Singing Bowl","floor":45.0},{"not_picked":["Hologram","Conserve Battery","Leap+1"],"picked":"Singing Bowl","floor":47.0},{"not_picked":["Rip and Tear+1","Reprogram+1","Capacitor"],"picked":"Singing Bowl","floor":48.0}],"player_experience":58139,"relics_obtained":[{"floor":6.0,"key":"Nunchaku"},{"floor":9.0,"key":"Ancient Tea Set"},{"floor":17.0,"key":"Smiling Mask"},{"floor":17.0,"key":"InkBottle"},{"floor":17.0,"key":"Gambling Chip"},{"floor":24.0,"key":"Art of War"},{"floor":26.0,"key":"Singing Bowl"},{"floor":36.0,"key":"TungstenRod"},{"floor":40.0,"key":"Bag of Preparation"},{"floor":43.0,"key":"White Beast Statue"},{"floor":47.0,"key":"Thread and Needle"}],"event_choices":[{"damage_healed":0.0,"max_hp_gain":0.0,"max_hp_loss":0.0,"gold_gain":0.0,"cards_transformed":["Strike_B"],"event_name":"Living Wall","player_choice":"Change","floor":2.0,"gold_loss":0.0,"damage_taken":0.0,"cards_obtained":["Gash"]},{"damage_healed":0.0,"max_hp_gain":0.0,"max_hp_loss":0.0,"gold_gain":75.0,"event_name":"World of Goop","player_choice":"Gather Gold","floor":3.0,"gold_loss":0.0,"damage_taken":11.0},{"damage_healed":0.0,"max_hp_gain":0.0,"max_hp_loss":0.0,"gold_gain":0.0,"event_name":"Golden Idol","player_choice":"Take Damage","floor":4.0,"gold_loss":0.0,"damage_taken":18.0,"relics_obtained":["Golden Idol"]},{"damage_healed":0.0,"max_hp_gain":0.0,"max_hp_loss":0.0,"gold_gain":0.0,"event_name":"Drug Dealer","player_choice":"Inject Mutagens","floor":21.0,"gold_loss":0.0,"damage_taken":0.0,"relics_obtained":["MutagenicStrength"]},{"damage_healed":0.0,"max_hp_gain":0.0,"max_hp_loss":0.0,"gold_gain":0.0,"event_name":"Cursed Tome","player_choice":"Obtained Book","floor":22.0,"gold_loss":0.0,"damage_taken":16.0},{"damage_healed":0.0,"max_hp_gain":0.0,"max_hp_loss":0.0,"gold_gain":0.0,"event_name":"Vampires","player_choice":"Ignored","floor":27.0,"gold_loss":0.0,"damage_taken":0.0},{"damage_healed":0.0,"max_hp_gain":0.0,"max_hp_loss":0.0,"gold_gain":0.0,"event_name":"Beggar","player_choice":"Ignored","floor":28.0,"gold_loss":0.0,"damage_taken":0.0},{"damage_healed":0.0,"max_hp_gain":0.0,"max_hp_loss":0.0,"gold_gain":0.0,"event_name":"MindBloom","player_choice":"Fight","floor":36.0,"gold_loss":0.0,"damage_taken":0.0},{"damage_healed":0.0,"max_hp_gain":0.0,"max_hp_loss":0.0,"gold_gain":333.0,"event_name":"The Moai Head","player_choice":"Gave Idol","floor":38.0,"relics_lost":["Golden Idol"],"gold_loss":0.0,"damage_taken":0.0}],"is_beta":true,"boss_relics":[{"not_picked":["Nuclear Battery","Ectoplasm"],"picked":"Calling Bell"},{"not_picked":["Tiny House","Philosopher\u0027s Stone"],"picked":"SlaversCollar"}],"items_purged_floors":[8,30,37],"is_endless":false,"potions_floor_spawned":[1,5,10,16,24,33,36,42,44,45,47,48],"ascension_level":0}