{"gold_per_floor":[114,134,134,150,166,195,195,120,120,120,120,90],"floor_reached":12,"playtime":329,"items_purged":["Defend_B"],"score":82,"play_id":"e8481131-ae5b-449d-8ab0-cc97ce4691f8","local_time":"20191116214541","is_ascension_mode":true,"campfire_choices":[{"data":"Zap","floor":7,"key":"SMITH"},{"data":"Dualcast","floor":10,"key":"SMITH"}],"neow_cost":"TEN_PERCENT_HP_LOSS","seed_source_timestamp":286521424036662,"circlet_count":0,"master_deck":["Strike_B","Strike_B","Defend_B","Defend_B","Zap+1","Dualcast+1","Meteor Strike","Go for the Eyes"],"relics":["Cracked Core","GremlinMask","Toxic Egg 2","Meat on the Bone"],"potions_floor_usage":[6],"damage_taken":[{"damage":0,"enemies":"2 Louse","floor":1,"turns":2},{"damage":1,"enemies":"Cultist","floor":2,"turns":3},{"damage":1,"enemies":"Jaw Worm","floor":4,"turns":4},{"damage":2,"enemies":"Looter","floor":5,"turns":4},{"damage":38,"enemies":"Gremlin Nob","floor":6,"turns":5},{"damage":19,"enemies":"Exordium Thugs","floor":12,"turns":3}],"seed_played":"-8257708314278076115","potions_obtained":[{"floor":2,"key":"SpeedPotion"},{"floor":4,"key":"GamblersBrew"}],"is_trial":false,"path_per_floor":["M","M","?","M","M","E","R","$","T","R","?","M"],"character_chosen":"DEFECT","items_purchased":[],"campfire_rested":0,"item_purchase_floors":[],"current_hp_per_floor":[68,67,67,66,64,26,26,26,26,26,19,0],"gold":90,"neow_bonus":"TRANSFORM_TWO_CARDS","is_prod":false,"is_daily":false,"chose_seed":false,"campfire_upgraded":2,"win_rate":0,"timestamp":1573922741,"path_taken":["M","M","?","M","?","E","R","$","T","R","?","M"],"build_version":"2019-10-30","purchased_purges":1,"victory":false,"max_hp_per_floor":[68,68,68,68,68,68,68,68,68,68,68,68],"card_choices":[{"not_picked":["Steam","Doom and Gloom","Heatsinks"],"picked":"SKIP","floor":1},{"not_picked":["Streamline","Hello World","Beam Cell"],"picked":"SKIP","floor":2},{"not_picked":["Go for the Eyes","Consume","Gash"],"picked":"SKIP","floor":4},{"not_picked":["Aggregate","Compile Driver","Sweeping Beam"],"picked":"SKIP","floor":5},{"not_picked":["Gash","Conserve Battery","Streamline"],"picked":"SKIP","floor":6}],"player_experience":69698,"relics_obtained":[{"floor":6,"key":"Toxic Egg 2"},{"floor":9,"key":"Meat on the Bone"}],"event_choices":[{"damage_healed":0,"gold_gain":0,"player_choice":"Trade","damage_taken":0,"relics_obtained":["GremlinMask"],"max_hp_gain":0,"max_hp_loss":0,"event_name":"FaceTrader","floor":3,"gold_loss":0},{"cards_removed":["Defend_B"],"damage_healed":0,"gold_gain":0,"player_choice":"Card Removal","damage_taken":7,"max_hp_gain":0,"max_hp_loss":0,"event_name":"Golden Wing","floor":11,"gold_loss":0}],"is_beta":true,"boss_relics":[],"items_purged_floors":[8],"is_endless":false,"potions_floor_spawned":[2,4],"killed_by":"Exordium Thugs","ascension_level":1}