{"gold_per_floor":[114,114,189,189,201,201,15,15,15,28,61,61,89,104,104,202,202,213,60,72,72,92,118,118,145,193,206,206,235,235,254,254,351,351,369,226,136,151,165,165,191,191,191,191,207,237,11,11,11,11],"floor_reached":51,"playtime":2158,"items_purged":["Regret"],"score":871,"play_id":"f0a0086e-16ad-4b62-81ef-f5807976ee11","local_time":"20191125022659","is_ascension_mode":true,"campfire_choices":[{"data":"Zap","floor":6,"key":"SMITH"},{"data":"Genetic Algorithm","floor":12,"key":"SMITH"},{"data":"Dualcast","floor":15,"key":"SMITH"},{"data":"Blind","floor":28,"key":"SMITH"},{"data":"Reboot","floor":30,"key":"SMITH"},{"data":"Tempest","floor":32,"key":"SMITH"},{"data":"Seek","floor":40,"key":"SMITH"},{"data":"Scrape","floor":42,"key":"SMITH"},{"floor":49,"key":"REST"}],"neow_cost":"NONE","seed_source_timestamp":992823913658666,"circlet_count":0,"master_deck":["Defend_B","Defend_B","Defend_B","Zap+1","Dualcast+1","Reboot+1","Gash","Blind+1","Genetic Algorithm+1","Electrodynamics+1","Scrape+1","Seek+1","Double Energy+1","Conserve Battery+1","Multi-Cast+1","Entrench+1","Gash","Tempest+1","Reinforced Body+1","Machine Learning+1","Sucker Punch+1","Trip+1"],"relics":["Cracked Core","Ancient Tea Set","CaptainsWheel","Frozen Egg 2","Mercury Hourglass","Potion Belt","Astrolabe","PrismaticShard","Prayer Wheel","Cables","Bag of Marbles","Ginger","Busted Crown","Bronze Scales","Toxic Egg 2","Kunai","Membership Card","DataDisk"],"potions_floor_usage":[16,25,45,50,50,50,50,50,50,50,50],"damage_taken":[{"damage":2,"enemies":"Jaw Worm","floor":1,"turns":3},{"damage":13,"enemies":"2 Louse","floor":5,"turns":2},{"damage":2,"enemies":"Small Slimes","floor":10,"turns":3},{"damage":18,"enemies":"3 Sentries","floor":11,"turns":7},{"damage":3,"enemies":"Lagavulin","floor":13,"turns":6},{"damage":5,"enemies":"Exordium Thugs","floor":14,"turns":4},{"damage":54,"enemies":"Hexaghost","floor":16,"turns":11},{"damage":0,"enemies":"Spheric Guardian","floor":18,"turns":2},{"damage":2,"enemies":"Chosen","floor":20,"turns":3},{"damage":0,"enemies":"Snake Plant","floor":22,"turns":2},{"damage":14,"enemies":"Book of Stabbing","floor":23,"turns":6},{"damage":0,"enemies":"Gremlin Leader","floor":25,"turns":5},{"damage":0,"enemies":"Centurion and Healer","floor":27,"turns":4},{"damage":2,"enemies":"Book of Stabbing","floor":29,"turns":4},{"damage":9,"enemies":"Shelled Parasite and Fungi","floor":31,"turns":4},{"damage":17,"enemies":"Automaton","floor":33,"turns":12},{"damage":0,"enemies":"3 Shapes","floor":35,"turns":3},{"damage":0,"enemies":"3 Darklings","floor":38,"turns":2},{"damage":0,"enemies":"Spire Growth","floor":39,"turns":4},{"damage":12,"enemies":"Nemesis","floor":41,"turns":5},{"damage":8,"enemies":"Jaw Worm Horde","floor":45,"turns":2},{"damage":16,"enemies":"Giant Head","floor":46,"turns":8},{"damage":31,"enemies":"Time Eater","floor":50,"turns":10}],"seed_played":"-8467153264702804666","potions_obtained":[{"floor":1,"key":"BlessingOfTheForge"},{"floor":10,"key":"GamblersBrew"},{"floor":11,"key":"DuplicationPotion"},{"floor":18,"key":"LiquidMemories"},{"floor":22,"key":"SteroidPotion"},{"floor":23,"key":"Fire Potion"},{"floor":29,"key":"BlessingOfTheForge"},{"floor":45,"key":"EntropicBrew"}],"is_trial":false,"path_per_floor":["M","?","?","?","M","R","$","?","T","M","E","R","E","M","R","B",null,"M","$","M","?","M","E","?","E","T","M","R","E","R","M","R","B",null,"M","$","?","M","M","R","E","R","T","?","M","E","$","$","R","B",null],"character_chosen":"DEFECT","items_purchased":["Gash","Blind","PrismaticShard","Machine Learning+1","Membership Card","DataDisk"],"campfire_rested":1,"item_purchase_floors":[7,7,19,36,47,47],"current_hp_per_floor":[73,73,62,62,56,56,56,56,56,61,50,50,54,56,56,9,75,75,75,73,73,73,66,66,73,73,75,75,75,75,73,73,63,75,75,75,75,75,75,75,73,73,73,73,65,49,49,49,71,40],"gold":11,"neow_bonus":"RANDOM_COMMON_RELIC","is_prod":false,"is_daily":false,"chose_seed":false,"campfire_upgraded":8,"win_rate":0,"timestamp":1574630819,"path_taken":["M","?","?","?","M","R","$","?","T","M","E","R","E","?","R","BOSS","M","$","M","?","M","E","?","E","T","?","R","E","R","M","R","BOSS","M","$","?","?","M","R","E","R","T","?","M","E","?","$","R","BOSS"],"build_version":"2019-10-30","purchased_purges":1,"victory":true,"max_hp_per_floor":[75,75,75,75,75,75,75,75,75,75,75,75,75,75,75,75,75,75,75,75,75,75,75,75,75,75,75,75,75,75,75,75,75,75,75,75,75,75,75,75,75,75,75,75,75,75,75,75,75,75],"card_choices":[{"not_picked":["Go for the Eyes","Redo"],"picked":"Self Repair","floor":1},{"not_picked":["Stack","Tempest","Barrage"],"picked":"SKIP","floor":5},{"not_picked":["Double Energy","Barrage","Leap"],"picked":"SKIP","floor":10},{"not_picked":["Steam","Force Field"],"picked":"Genetic Algorithm","floor":11},{"not_picked":["Self Repair+1","Static Discharge+1"],"picked":"Electrodynamics+1","floor":13},{"not_picked":["Conserve Battery","Auto Shields"],"picked":"Scrape","floor":14},{"not_picked":["Reboot","Rainbow"],"picked":"Seek","floor":16},{"not_picked":["Stack+1","Consume","Cold Snap"],"picked":"SKIP","floor":18},{"not_picked":["Sweeping Beam","Carnage","CarveReality"],"picked":"SKIP","floor":20},{"not_picked":["Conserve Battery","Tactician"],"picked":"Entrench+1","floor":22},{"not_picked":["Sever Soul","Scrape+1","Backflip"],"picked":"SKIP","floor":23},{"not_picked":["Endless Agony+1","Redo","Twin Strike"],"picked":"SKIP","floor":25},{"not_picked":["PathToVictory+1","Auto Shields"],"picked":"Tempest","floor":27},{"not_picked":["Crescendo","JustLucky","EmptyMind+1"],"picked":"SKIP","floor":27},{"not_picked":["Prepared","FlyingSleeves","True Grit"],"picked":"SKIP","floor":29},{"not_picked":["Entrench","Evaluate+1"],"picked":"Reinforced Body+1","floor":31},{"not_picked":["Twin Strike","Perfected Strike+1","Cleave+1"],"picked":"SKIP","floor":31},{"not_picked":["Deadly Poison"],"picked":"SKIP","floor":35},{"not_picked":["Havoc"],"picked":"SKIP","floor":35},{"not_picked":["Catalyst+1"],"picked":"SKIP","floor":38},{"not_picked":["CarveReality+1"],"picked":"SKIP","floor":38},{"not_picked":[],"picked":"Sucker Punch+1","floor":39},{"not_picked":["Compile Driver+1"],"picked":"SKIP","floor":39},{"not_picked":["Rupture+1"],"picked":"SKIP","floor":41},{"not_picked":[],"picked":"Trip+1","floor":45},{"not_picked":["ClearTheMind+1"],"picked":"SKIP","floor":45},{"not_picked":["Dagger Throw"],"picked":"SKIP","floor":46}],"player_experience":96052,"relics_obtained":[{"floor":9,"key":"Frozen Egg 2"},{"floor":11,"key":"Mercury Hourglass"},{"floor":13,"key":"Potion Belt"},{"floor":23,"key":"Prayer Wheel"},{"floor":25,"key":"Cables"},{"floor":26,"key":"Bag of Marbles"},{"floor":29,"key":"Ginger"},{"floor":41,"key":"Bronze Scales"},{"floor":43,"key":"Toxic Egg 2"},{"floor":46,"key":"Kunai"}],"event_choices":[{"damage_healed":0,"gold_gain":0,"cards_transformed":["Strike_B"],"player_choice":"Change","damage_taken":0,"max_hp_gain":0,"max_hp_loss":0,"event_name":"Living Wall","floor":2,"gold_loss":0,"cards_obtained":["Reboot"]},{"damage_healed":0,"gold_gain":75,"player_choice":"Gather Gold","damage_taken":11,"max_hp_gain":0,"max_hp_loss":0,"event_name":"World of Goop","floor":3,"gold_loss":0},{"damage_healed":0,"gold_gain":0,"player_choice":"Box","damage_taken":0,"relics_obtained":["CaptainsWheel"],"max_hp_gain":0,"max_hp_loss":0,"event_name":"Big Fish","floor":4,"gold_loss":0,"cards_obtained":["Regret"]},{"damage_healed":0,"gold_gain":0,"player_choice":"Searched \u00270\u0027 times","damage_taken":0,"max_hp_gain":0,"max_hp_loss":0,"event_name":"Dead Adventurer","floor":8,"gold_loss":0},{"damage_healed":0,"gold_gain":0,"player_choice":"Ignored","damage_taken":0,"max_hp_gain":0,"max_hp_loss":0,"event_name":"Ghosts","floor":21,"gold_loss":0},{"damage_healed":0,"gold_gain":0,"player_choice":"Copied","damage_taken":0,"max_hp_gain":0,"max_hp_loss":0,"event_name":"Duplicator","floor":24,"gold_loss":0,"cards_obtained":["Gash"]},{"cards_removed":["Defend_B"],"damage_healed":0,"gold_gain":0,"player_choice":"Upgrade and Remove","damage_taken":0,"max_hp_gain":0,"max_hp_loss":0,"event_name":"Designer","floor":37,"gold_loss":90,"cards_upgraded":["Self Repair"]},{"cards_removed":["Self Repair"],"damage_healed":0,"gold_gain":0,"player_choice":"Removed Power","damage_taken":0,"max_hp_gain":0,"max_hp_loss":0,"event_name":"Falling","floor":44,"gold_loss":0}],"is_beta":true,"boss_relics":[{"not_picked":["SacredBark","Tiny House"],"picked":"Astrolabe"},{"not_picked":["Snecko Eye","Runic Dome"],"picked":"Busted Crown"}],"items_purged_floors":[7],"is_endless":false,"potions_floor_spawned":[1,10,11,18,22,23,29,41,45],"ascension_level":2}