{"gold_per_floor":[116,116,116,137,152,185,210,210,210,210,235,235,71,21,21,146,146,159,178,178,178,192,192,217,217,243,0,99,132,99,99,99,225,225,244,262,320,22,22,22,47,72,124,124,124,159,159,173,173,173],"floor_reached":51,"playtime":2192,"items_purged":["Strike_B","Strike_B"],"score":879,"play_id":"567d4790-6610-46e3-9f03-17b2c6c0e5da","local_time":"20191117231953","is_ascension_mode":true,"campfire_choices":[{"data":"Blizzard","floor":8.0,"key":"SMITH"},{"floor":12.0,"key":"REST"},{"data":"Dualcast","floor":15.0,"key":"SMITH"},{"floor":23.0,"key":"REST"},{"floor":25.0,"key":"REST"},{"floor":32.0,"key":"REST"},{"data":"Zap","floor":40,"key":"PURGE"},{"data":"Defend_B+1","floor":45,"key":"PURGE"},{"data":"Defend_B+1","floor":47,"key":"PURGE"},{"data":"Defend_B+1","floor":49,"key":"PURGE"}],"neow_cost":"NONE","seed_source_timestamp":376563819346491,"circlet_count":0,"master_deck":["Defend_B+1","Dualcast+1","Coolheaded+1","Chill+1","BootSequence+1","Blizzard+1","Genetic Algorithm+1","Impatience+1","Biased Cognition+1","Chill+1","Hologram+1","BootSequence+1","Glacier+1","Capacitor+1","Defragment+1","Master of Strategy+1"],"special_seed":0,"relics":["Cracked Core","NeowsBlessing","Golden Idol","Toxic Egg 2","Gremlin Horn","Odd Mushroom","Fusion Hammer","MealTicket","Blood Vial","ClockworkSouvenir","Bottled Tornado","Inserter","Torii","Peace Pipe","PreservedInsect","Mark of the Bloom","Whetstone"],"potions_floor_usage":[50,50],"damage_taken":[{"damage":0.0,"enemies":"2 Louse","floor":1.0,"turns":1.0},{"damage":0.0,"enemies":"Cultist","floor":4.0,"turns":1.0},{"damage":0.0,"enemies":"Small Slimes","floor":5.0,"turns":1.0},{"damage":13.0,"enemies":"3 Sentries","floor":6.0,"turns":9.0},{"damage":0.0,"enemies":"3 Louse","floor":7.0,"turns":3.0},{"damage":8.0,"enemies":"The Mushroom Lair","floor":11.0,"turns":4.0},{"damage":28.0,"enemies":"Hexaghost","floor":16.0,"turns":10.0},{"damage":8.0,"enemies":"Spheric Guardian","floor":18.0,"turns":4.0},{"damage":4.0,"enemies":"2 Thieves","floor":19.0,"turns":5.0},{"damage":6.0,"enemies":"Snecko","floor":22.0,"turns":7.0},{"damage":0.0,"enemies":"Centurion and Healer","floor":24.0,"turns":8.0},{"damage":0.0,"enemies":"Gremlin Leader","floor":29.0,"turns":5.0},{"damage":0.0,"enemies":"Automaton","floor":33.0,"turns":11.0},{"damage":0.0,"enemies":"Orb Walker","floor":35.0,"turns":5.0},{"damage":0.0,"enemies":"3 Shapes","floor":36.0,"turns":4.0},{"damage":35,"enemies":"2 Orb Walkers","floor":37,"turns":7},{"damage":7,"enemies":"Sphere and 2 Shapes","floor":41,"turns":5},{"damage":0,"enemies":"Jaw Worm Horde","floor":42,"turns":4},{"damage":1,"enemies":"Nemesis","floor":46,"turns":17},{"damage":0,"enemies":"Spire Growth","floor":48,"turns":8},{"damage":0,"enemies":"Awakened One","floor":50,"turns":10}],"seed_played":"2918987538558234278","potions_obtained":[{"floor":5.0,"key":"LiquidBronze"},{"floor":7.0,"key":"SteroidPotion"},{"floor":11.0,"key":"CultistPotion"},{"floor":16.0,"key":"Regen Potion"},{"floor":22.0,"key":"BlessingOfTheForge"},{"floor":24.0,"key":"Energy Potion"},{"floor":29.0,"key":"Regen Potion"},{"floor":33.0,"key":"CultistPotion"}],"is_trial":false,"path_per_floor":["M","?","?","M","M","E","M","R","T","?","?","R","$","?","R","B",null,"M","M","?","?","M","R","M","R","T","$","?","E","$","?","R","B",null,"M","M","?","$","?","R","M","M","T","?","R","E","R","M","R","B",null],"character_chosen":"DEFECT","items_purchased":["Impatience+1","ClockworkSouvenir","Capacitor","Peace Pipe"],"campfire_rested":4,"item_purchase_floors":[13,27,30,38],"current_hp_per_floor":[75,57,57,57,57,44,44,44,44,29,21,43,43,43,43,15,75,67,63,63,63,57,75,75,75,75,75,75,75,75,75,75,75,75,75,75,40,55,55,55,50,52,52,52,52,51,51,51,51,51],"gold":173,"neow_bonus":"THREE_ENEMY_KILL","is_prod":false,"is_daily":false,"chose_seed":false,"campfire_upgraded":2,"win_rate":0,"timestamp":1574014793,"path_taken":["M","?","?","M","?","E","M","R","T","?","?","R","?","?","R","BOSS","M","M","?","?","?","R","?","R","T","$","?","E","$","?","R","BOSS","M","M","?","$","?","R","M","M","T","?","R","E","R","?","R","BOSS"],"build_version":"2019-10-30","purchased_purges":2,"victory":true,"max_hp_per_floor":[75,75,75,75,75,75,75,75,75,75,75,75,75,75,75,75,75,75,75,75,75,75,75,75,75,75,75,75,75,75,75,75,75,75,75,75,75,75,75,75,75,75,75,75,75,75,75,75,75,75],"card_choices":[{"not_picked":["Streamline","Conserve Battery"],"picked":"Coolheaded","floor":1.0},{"not_picked":["Compile Driver","Hello World","Steam"],"picked":"SKIP","floor":4.0},{"not_picked":["Auto Shields","Streamline","Stack"],"picked":"SKIP","floor":5.0},{"not_picked":["Doom and Gloom","Steam"],"picked":"BootSequence","floor":6.0},{"not_picked":["Conserve Battery+1","Rip and Tear"],"picked":"Blizzard","floor":7.0},{"not_picked":["Skim+1","Recycle+1"],"picked":"Genetic Algorithm+1","floor":11.0},{"not_picked":["Thunder Strike","Meteor Strike"],"picked":"Biased Cognition","floor":16.0},{"not_picked":["Doom and Gloom","Rebound","Coolheaded+1"],"picked":"SKIP","floor":18.0},{"not_picked":["Auto Shields+1","Tempest+1"],"picked":"Chill+1","floor":19.0},{"not_picked":["Turbo+1","Go for the Eyes"],"picked":"BootSequence+1","floor":22.0},{"not_picked":["Go for the Eyes","Self Repair+1","White Noise+1"],"picked":"SKIP","floor":24.0},{"not_picked":["Go for the Eyes","Stack+1"],"picked":"Glacier+1","floor":29.0},{"not_picked":["Scrape","Force Field+1"],"picked":"Defragment","floor":35.0},{"not_picked":["Rebound","Coolheaded+1","Beam Cell+1"],"picked":"SKIP","floor":36.0},{"not_picked":["Mind Blast","Dramatic Entrance"],"picked":"Master of Strategy+1","floor":39},{"not_picked":["White Noise+1","Force Field+1","Heatsinks+1"],"picked":"SKIP","floor":41},{"not_picked":["Sweeping Beam+1","White Noise+1","Melter"],"picked":"SKIP","floor":42},{"not_picked":["Cold Snap+1","Multi-Cast+1","Streamline+1"],"picked":"SKIP","floor":46},{"not_picked":["Rebound","Hello World+1","Barrage"],"picked":"SKIP","floor":48}],"player_experience":71495,"relics_obtained":[{"floor":6.0,"key":"Toxic Egg 2"},{"floor":9.0,"key":"Gremlin Horn"},{"floor":11.0,"key":"Odd Mushroom"},{"floor":26.0,"key":"Blood Vial"},{"floor":29.0,"key":"Bottled Tornado"},{"floor":37,"key":"Torii"},{"floor":43,"key":"PreservedInsect"},{"floor":46,"key":"Whetstone"}],"event_choices":[{"damage_healed":0.0,"max_hp_gain":0.0,"max_hp_loss":0.0,"gold_gain":0.0,"event_name":"Golden Idol","player_choice":"Take Damage","floor":2.0,"gold_loss":0.0,"damage_taken":18.0,"relics_obtained":["Golden Idol"]},{"damage_healed":0.0,"max_hp_gain":0.0,"max_hp_loss":0.0,"gold_gain":0.0,"event_name":"Match and Keep!","player_choice":"1 cards matched","floor":3.0,"gold_loss":0.0,"damage_taken":0.0,"cards_obtained":["Chill"]},{"damage_healed":0.0,"max_hp_gain":0.0,"max_hp_loss":0.0,"gold_gain":0.0,"event_name":"Shining Light","player_choice":"Entered Light","floor":10.0,"gold_loss":0.0,"damage_taken":15.0,"cards_upgraded":["Chill","Coolheaded"]},{"damage_healed":0.0,"max_hp_gain":0.0,"max_hp_loss":0.0,"gold_gain":0.0,"event_name":"Mushrooms","player_choice":"Fought Mushrooms","floor":11.0,"gold_loss":0.0,"damage_taken":0.0},{"cards_removed":["Strike_B"],"damage_healed":0.0,"max_hp_gain":0.0,"max_hp_loss":0.0,"gold_gain":0.0,"event_name":"The Cleric","player_choice":"Card Removal","floor":14.0,"gold_loss":50.0,"damage_taken":0.0},{"damage_healed":0.0,"max_hp_gain":0.0,"max_hp_loss":0.0,"gold_gain":0.0,"event_name":"The Library","player_choice":"Read","floor":20.0,"gold_loss":0.0,"damage_taken":0.0,"cards_obtained":["Hologram"]},{"damage_healed":0.0,"max_hp_gain":0.0,"max_hp_loss":0.0,"gold_gain":0.0,"event_name":"WeMeetAgain","player_choice":"Gave Potion","floor":21.0,"gold_loss":0.0,"damage_taken":0.0,"relics_obtained":["MealTicket"]},{"damage_healed":0.0,"max_hp_gain":0.0,"max_hp_loss":0.0,"gold_gain":99.0,"event_name":"Nest","player_choice":"Stole From Cult","floor":28.0,"gold_loss":0.0,"damage_taken":0.0},{"cards_removed":["Strike_B"],"damage_healed":0.0,"max_hp_gain":0.0,"max_hp_loss":0.0,"gold_gain":0.0,"event_name":"Back to Basics","player_choice":"Elegance","floor":31.0,"gold_loss":0.0,"damage_taken":0.0},{"damage_healed":0,"gold_gain":0,"player_choice":"Fight","damage_taken":0,"max_hp_gain":0,"max_hp_loss":0,"event_name":"Mysterious Sphere","floor":37,"gold_loss":0},{"damage_healed":0,"gold_gain":0,"player_choice":"Memory 1","damage_taken":0,"max_hp_gain":0,"max_hp_loss":0,"event_name":"SensoryStone","floor":39,"gold_loss":0},{"damage_healed":0,"gold_gain":0,"player_choice":"Upgrade","damage_taken":0,"relics_obtained":["Mark of the Bloom"],"max_hp_gain":0,"max_hp_loss":0,"event_name":"MindBloom","floor":44,"gold_loss":0,"cards_upgraded":["Defend_B","Defend_B","Defend_B","Defend_B","Biased Cognition","Capacitor","Defragment"]}],"is_beta":true,"boss_relics":[{"not_picked":["SlaversCollar","Coffee Dripper"],"picked":"Fusion Hammer"},{"not_picked":["Nuclear Battery","Busted Crown"],"picked":"Inserter"}],"items_purged_floors":[13,27],"is_endless":false,"potions_floor_spawned":[5,7,11,16,22,24,29,33,35,41],"ascension_level":1}