{"gold_per_floor":[116,116,116,127,127,127,152,152,152,187,205,231,231,231,231,329,329,345,364,364,55,71,71,101,101,153,178,21,38,38,38,38,38],"floor_reached":33,"playtime":1084,"items_purged":[],"score":384,"play_id":"8ffcce78-0687-4ad9-8213-6949277595fd","local_time":"20191118200103","is_ascension_mode":true,"campfire_choices":[{"data":"Meteor Strike","floor":6,"key":"SMITH"},{"data":"Zap","floor":8,"key":"SMITH"},{"data":"Sunder","floor":13,"key":"SMITH"},{"floor":15,"key":"REST"},{"data":"Turbo","floor":23,"key":"SMITH"},{"floor":25,"key":"REST"},{"floor":32,"key":"REST"}],"neow_cost":"NONE","seed_source_timestamp":452307462421686,"circlet_count":0,"master_deck":["Strike_B+1","Strike_B+1","Strike_B+1","Defend_B+1","Defend_B+1","Defend_B+1","Defend_B+1","Zap+1","Dualcast+1","Meteor Strike+1","Turbo+1","Self Repair","Reinforced Body","Sunder+1","Biased Cognition","Chill+1","Tempest","Undo","Capacitor","Redo+1"],"relics":["Cracked Core","Oddly Smooth Stone","Lizard Tail","Blue Candle","Pen Nib","Dream Catcher","Nuclear Battery","Art of War","Medical Kit","Bronze Scales","Ancient Tea Set","Mummified Hand","MealTicket"],"potions_floor_usage":[10,12,16,24,24,27],"damage_taken":[{"damage":2,"enemies":"Jaw Worm","floor":1,"turns":3},{"damage":0,"enemies":"Small Slimes","floor":4,"turns":2},{"damage":21,"enemies":"3 Sentries","floor":7,"turns":8},{"damage":11,"enemies":"Gremlin Nob","floor":10,"turns":3},{"damage":0,"enemies":"2 Louse","floor":11,"turns":4},{"damage":18,"enemies":"3 Sentries","floor":12,"turns":6},{"damage":0,"enemies":"Slime Boss","floor":16,"turns":6},{"damage":6,"enemies":"Chosen","floor":18,"turns":4},{"damage":6,"enemies":"3 Byrds","floor":19,"turns":4},{"damage":2,"enemies":"Snake Plant","floor":22,"turns":4},{"damage":122,"enemies":"Gremlin Leader","floor":24,"turns":12},{"damage":23,"enemies":"Slavers","floor":27,"turns":6},{"damage":8,"enemies":"Sentry and Sphere","floor":29,"turns":5},{"damage":57,"enemies":"Collector","floor":33,"turns":7}],"seed_played":"2759584225543759448","potions_obtained":[{"floor":1,"key":"FearPotion"},{"floor":10,"key":"FearPotion"},{"floor":11,"key":"ColorlessPotion"},{"floor":12,"key":"Block Potion"},{"floor":18,"key":"LiquidBronze"},{"floor":19,"key":"Block Potion"},{"floor":24,"key":"SkillPotion"}],"is_trial":false,"path_per_floor":["M","?","?","M","?","R","E","R","T","E","M","E","R","?","R","B",null,"M","M","?","$","M","R","E","R","T","E","$","M","?","$","R","B"],"character_chosen":"DEFECT","items_purchased":["Art of War","Medical Kit","MealTicket"],"campfire_rested":3,"item_purchase_floors":[21,21,28],"current_hp_per_floor":[73,58,58,58,58,58,37,37,37,33,40,32,32,25,47,54,75,75,75,75,75,75,75,8,30,30,14,14,13,13,28,50,0],"gold":38,"neow_bonus":"ONE_RANDOM_RARE_CARD","is_prod":false,"is_daily":false,"chose_seed":false,"campfire_upgraded":4,"win_rate":0,"timestamp":1574089263,"path_taken":["M","?","?","M","?","R","E","R","T","E","?","E","R","?","R","BOSS","M","M","?","$","?","R","E","R","T","E","?","M","?","$","R","BOSS"],"build_version":"2019-10-30","purchased_purges":0,"victory":false,"max_hp_per_floor":[75,75,75,75,75,75,75,75,75,75,75,75,75,75,75,75,75,75,75,75,75,75,75,75,75,75,75,75,75,75,75,75,75],"card_choices":[{"not_picked":["Aggregate","Steam"],"picked":"Turbo","floor":1},{"not_picked":["Rebound","Hello World","Force Field"],"picked":"SKIP","floor":4},{"not_picked":["Cold Snap","Redo"],"picked":"Self Repair","floor":7},{"not_picked":["Multi-Cast","Capacitor"],"picked":"Reinforced Body","floor":10},{"not_picked":["Leap","Sweeping Beam"],"picked":"Sunder","floor":11},{"not_picked":["Streamline","Beam Cell","Sweeping Beam"],"picked":"SKIP","floor":12},{"not_picked":["Machine Learning","All For One"],"picked":"Biased Cognition","floor":16},{"not_picked":["Ball Lightning","Leap+1","Scrape"],"picked":"SKIP","floor":18},{"not_picked":["Stack+1","Sweeping Beam"],"picked":"Chill+1","floor":19},{"not_picked":["Hologram","Storm+1","Hyperbeam"],"picked":"SKIP","floor":22},{"not_picked":["Sunder","Coolheaded"],"picked":"Tempest","floor":24},{"not_picked":["Leap","Doom and Gloom"],"picked":"Undo","floor":25},{"not_picked":["Stack","Gash+1"],"picked":"Capacitor","floor":27},{"not_picked":["Capacitor","Go for the Eyes"],"picked":"Redo+1","floor":29}],"player_experience":78458,"relics_obtained":[{"floor":7,"key":"Oddly Smooth Stone"},{"floor":9,"key":"Lizard Tail"},{"floor":10,"key":"Blue Candle"},{"floor":12,"key":"Pen Nib"},{"floor":24,"key":"Bronze Scales"},{"floor":26,"key":"Ancient Tea Set"},{"floor":27,"key":"Mummified Hand"}],"event_choices":[{"damage_healed":0,"gold_gain":0,"player_choice":"Entered Light","damage_taken":15,"max_hp_gain":0,"max_hp_loss":0,"event_name":"Shining Light","floor":2,"gold_loss":0,"cards_upgraded":["Defend_B","Dualcast"]},{"cards_removed":["Strike_B"],"damage_healed":0,"gold_gain":0,"player_choice":"Forget","damage_taken":0,"max_hp_gain":0,"max_hp_loss":0,"event_name":"Living Wall","floor":3,"gold_loss":0},{"damage_healed":0,"gold_gain":0,"player_choice":"0 cards matched","damage_taken":0,"max_hp_gain":0,"max_hp_loss":0,"event_name":"Match and Keep!","floor":5,"gold_loss":0,"cards_obtained":[]},{"damage_healed":0,"gold_gain":0,"player_choice":"Success","damage_taken":7,"relics_obtained":["Dream Catcher"],"max_hp_gain":0,"max_hp_loss":0,"event_name":"Scrap Ooze","floor":14,"gold_loss":0},{"damage_healed":0,"gold_gain":0,"player_choice":"0 cards matched","damage_taken":0,"max_hp_gain":0,"max_hp_loss":0,"event_name":"Match and Keep!","floor":20,"gold_loss":0,"cards_obtained":[]},{"damage_healed":0,"gold_gain":0,"player_choice":"Simplicity","damage_taken":0,"max_hp_gain":0,"max_hp_loss":0,"event_name":"Back to Basics","floor":30,"gold_loss":0,"cards_upgraded":["Strike_B","Strike_B","Strike_B","Defend_B","Defend_B","Defend_B"]}],"is_beta":true,"boss_relics":[{"not_picked":["Philosopher\u0027s Stone","Snecko Eye"],"picked":"Nuclear Battery"}],"items_purged_floors":[],"is_endless":false,"potions_floor_spawned":[1,10,11,12,18,19,24],"killed_by":"Collector","ascension_level":2}