{"gold_per_floor":[110,120,120,130,145,145,145,164,164,183,183,183,200,227,227,322,322,348,122,137,137,137,137,154,179,179,15,29,42,42,52,52,147,147,165,165,15,0,52,52,80,98,98,126,136,156,156,173,173,173],"floor_reached":51,"playtime":2081,"items_purged":["Defend_B"],"score":952,"play_id":"956c7d6e-b185-4ed2-909e-e7fb647e0abb","local_time":"20191207142857","is_ascension_mode":true,"campfire_choices":[{"data":"Dualcast","floor":6,"key":"SMITH"},{"floor":11,"key":"REST"},{"data":"Gash","floor":15,"key":"SMITH"},{"data":"Echo Form","floor":23,"key":"SMITH"},{"data":"Panacea","floor":30,"key":"SMITH"},{"data":"Biased Cognition","floor":32,"key":"SMITH"},{"data":"Steam Power","floor":40,"key":"SMITH"},{"data":"Defend_B","floor":47,"key":"PURGE"},{"floor":49,"key":"REST"}],"neow_cost":"NONE","seed_source_timestamp":2073114231926577,"circlet_count":0,"master_deck":["Strike_B","Strike_B","Strike_B","Defend_B","Defend_B","Zap+1","Dualcast+1","Gash+1","Steam Power+1","Auto Shields","Gash+1","Cold Snap+1","Parasite","Beam Cell+1","Cold Snap+1","Echo Form+1","CurseOfTheBell","Glacier","BootSequence","FTL+1","Go for the Eyes+1","Defragment+1","Biased Cognition+1","Panacea+1","FTL+1","Gash+1","Glacier","Skim+1","Impatience","Gash+1"],"relics":["Cracked Core","Molten Egg 2","InkBottle","Shuriken","Calling Bell","Ice Cream","White Beast Statue","MawBank","Blood Vial","Cables","Busted Crown","Membership Card","Red Mask","Gambling Chip","Peace Pipe","Pantograph","Art of War"],"potions_floor_usage":[18,25,29,39,41,41,50,50],"damage_taken":[{"damage":0,"enemies":"2 Louse","floor":1,"turns":2},{"damage":1,"enemies":"Cultist","floor":2,"turns":3},{"damage":2,"enemies":"Jaw Worm","floor":4,"turns":2},{"damage":22,"enemies":"3 Louse","floor":5,"turns":3},{"damage":7,"enemies":"Exordium Thugs","floor":8,"turns":4},{"damage":0,"enemies":"Looter","floor":10,"turns":2},{"damage":0,"enemies":"Blue Slaver","floor":13,"turns":2},{"damage":12,"enemies":"Gremlin Nob","floor":14,"turns":4},{"damage":13,"enemies":"The Guardian","floor":16,"turns":8},{"damage":14,"enemies":"Shell Parasite","floor":18,"turns":4},{"damage":4,"enemies":"Spheric Guardian","floor":20,"turns":4},{"damage":2,"enemies":"Centurion and Healer","floor":24,"turns":6},{"damage":5,"enemies":"Book of Stabbing","floor":25,"turns":5},{"damage":0,"enemies":"Snake Plant","floor":28,"turns":3},{"damage":0,"enemies":"3 Cultists","floor":29,"turns":4},{"damage":5,"enemies":"Snecko","floor":31,"turns":3},{"damage":0,"enemies":"Champ","floor":33,"turns":8},{"damage":2,"enemies":"3 Darklings","floor":35,"turns":5},{"damage":2,"enemies":"2 Orb Walkers","floor":39,"turns":5},{"damage":2,"enemies":"Reptomancer","floor":41,"turns":6},{"damage":0,"enemies":"Orb Walker","floor":42,"turns":3},{"damage":25,"enemies":"Nemesis","floor":44,"turns":5},{"damage":12,"enemies":"Transient","floor":45,"turns":5},{"damage":10,"enemies":"3 Darklings","floor":46,"turns":6},{"damage":16,"enemies":"Spire Growth","floor":48,"turns":4},{"damage":38,"enemies":"Time Eater","floor":50,"turns":13}],"seed_played":"-1784407957917336316","potions_obtained":[{"floor":2,"key":"Energy Potion"},{"floor":10,"key":"DuplicationPotion"},{"floor":13,"key":"PowerPotion"},{"floor":14,"key":"DistilledChaos"},{"floor":18,"key":"LiquidBronze"},{"floor":21,"key":"Fire Potion"},{"floor":24,"key":"DuplicationPotion"},{"floor":25,"key":"AttackPotion"},{"floor":29,"key":"CultistPotion"},{"floor":39,"key":"Swift Potion"},{"floor":41,"key":"GamblersBrew"},{"floor":42,"key":"FairyPotion"}],"is_trial":false,"path_per_floor":["M","M","?","M","M","R","?","M","T","M","R","?","M","E","R","B",null,"M","$","M","?","$","R","M","E","T","$","M","M","R","M","R","B",null,"M","?","$","?","?","R","E","M","T","E","M","M","R","M","R","B",null],"character_chosen":"DEFECT","items_purchased":["BootSequence","FTL+1","Go for the Eyes+1","Panacea","FTL+1","Membership Card"],"campfire_rested":2,"item_purchase_floors":[19,19,19,27,27,37],"current_hp_per_floor":[75,74,74,72,50,50,32,25,25,25,47,65,65,53,53,40,75,61,61,57,57,57,57,55,50,50,50,52,54,54,51,51,53,75,73,73,73,73,73,73,73,75,75,50,40,32,32,18,40,29],"gold":173,"neow_bonus":"REMOVE_CARD","is_prod":false,"is_daily":false,"chose_seed":false,"campfire_upgraded":6,"win_rate":0,"timestamp":1575710937,"path_taken":["M","M","?","?","M","R","?","M","T","M","R","?","M","E","R","BOSS","M","$","M","?","?","R","M","E","T","$","M","M","R","M","R","BOSS","M","?","$","?","?","R","E","?","T","E","M","M","R","M","R","BOSS"],"build_version":"2019-10-30","purchased_purges":1,"victory":true,"max_hp_per_floor":[75,75,75,75,75,75,75,75,75,75,75,75,75,75,75,75,75,75,75,75,75,75,75,75,75,75,75,75,75,75,75,75,75,75,75,75,75,75,75,75,75,75,75,75,75,75,75,75,75,75],"card_choices":[{"not_picked":["Leap","Beam Cell"],"picked":"Gash","floor":1},{"not_picked":["Barrage","Cold Snap"],"picked":"Steam Power","floor":2},{"not_picked":["Turbo","Barrage","Coolheaded"],"picked":"SKIP","floor":4},{"not_picked":["Loop","Turbo"],"picked":"Auto Shields","floor":5},{"not_picked":["Turbo","Creative AI"],"picked":"Gash+1","floor":8},{"not_picked":["Rebound+1","Steam"],"picked":"Cold Snap+1","floor":10},{"not_picked":["Redo","Conserve Battery"],"picked":"Beam Cell+1","floor":13},{"not_picked":["Conserve Battery","Compile Driver+1"],"picked":"Cold Snap+1","floor":14},{"not_picked":["Biased Cognition","Buffer"],"picked":"Echo Form","floor":16},{"not_picked":["Melter+1","Coolheaded+1"],"picked":"Glacier","floor":18},{"not_picked":["Sweeping Beam+1","Rebound+1","Leap"],"picked":"SKIP","floor":20},{"not_picked":["Skim","Ball Lightning+1"],"picked":"Defragment+1","floor":24},{"not_picked":["Sunder+1","Streamline+1"],"picked":"Biased Cognition","floor":25},{"not_picked":["Stack","Static Discharge","Barrage+1"],"picked":"SKIP","floor":28},{"not_picked":["Self Repair","Steam+1"],"picked":"Gash+1","floor":29},{"not_picked":["Gash+1","Force Field"],"picked":"Glacier","floor":31},{"not_picked":[],"picked":"Skim+1","floor":35},{"not_picked":[],"picked":"Impatience","floor":36},{"not_picked":[],"picked":"Gash+1","floor":41},{"not_picked":["Doom and Gloom+1"],"picked":"SKIP","floor":42},{"not_picked":["Rebound+1"],"picked":"SKIP","floor":44},{"not_picked":["Ball Lightning+1"],"picked":"SKIP","floor":45},{"not_picked":["Ball Lightning+1"],"picked":"SKIP","floor":46},{"not_picked":["Lockon+1"],"picked":"SKIP","floor":48}],"player_experience":119302,"relics_obtained":[{"floor":9,"key":"InkBottle"},{"floor":14,"key":"Shuriken"},{"floor":17,"key":"Ice Cream"},{"floor":17,"key":"White Beast Statue"},{"floor":17,"key":"MawBank"},{"floor":25,"key":"Blood Vial"},{"floor":26,"key":"Cables"},{"floor":39,"key":"Gambling Chip"},{"floor":41,"key":"Peace Pipe"},{"floor":43,"key":"Pantograph"},{"floor":44,"key":"Art of War"}],"event_choices":[{"damage_healed":0,"gold_gain":0,"player_choice":"Forge","damage_taken":0,"max_hp_gain":0,"max_hp_loss":0,"event_name":"Accursed Blacksmith","floor":3,"gold_loss":0,"cards_upgraded":["Zap"]},{"damage_healed":0,"gold_gain":0,"player_choice":"Success","damage_taken":18,"relics_obtained":["Molten Egg 2"],"max_hp_gain":0,"max_hp_loss":0,"event_name":"Scrap Ooze","floor":7,"gold_loss":0},{"damage_healed":18,"gold_gain":0,"player_choice":"Healed and dodged fight","damage_taken":0,"max_hp_gain":0,"max_hp_loss":0,"event_name":"Mushrooms","floor":12,"gold_loss":0,"cards_obtained":["Parasite"]},{"damage_healed":0,"gold_gain":0,"player_choice":"Got Potions","damage_taken":0,"max_hp_gain":0,"max_hp_loss":0,"event_name":"Lab","floor":21,"gold_loss":0},{"damage_healed":0,"gold_gain":0,"player_choice":"Memory 1","damage_taken":0,"max_hp_gain":0,"max_hp_loss":0,"event_name":"SensoryStone","floor":36,"gold_loss":0},{"damage_healed":0,"gold_gain":0,"player_choice":"Paid","damage_taken":0,"relics_obtained":["Red Mask"],"max_hp_gain":0,"max_hp_loss":0,"event_name":"Tomb of Lord Red Mask","floor":38,"gold_loss":15},{"damage_healed":0,"gold_gain":0,"player_choice":"Fight","damage_taken":0,"max_hp_gain":0,"max_hp_loss":0,"event_name":"Mysterious Sphere","floor":39,"gold_loss":0}],"is_beta":true,"boss_relics":[{"not_picked":["Sozu","Cursed Key"],"picked":"Calling Bell"},{"not_picked":["Philosopher\u0027s Stone","SacredBark"],"picked":"Busted Crown"}],"items_purged_floors":[19],"is_endless":false,"potions_floor_spawned":[2,10,13,14,18,20,24,25,28,29,31,33,35,39,41,42,44,45,46,48],"ascension_level":4}