{"gold_per_floor":[18,18,18,93,93,93,113,147,147,185,37,37,71,87,87,215,215,236,34,34,34,133,133,148,71,121,121,140,183,183,183,183,311,311,324,324,347,410,410,410],"floor_reached":40,"playtime":1370,"items_purged":[],"score":503,"play_id":"22fd6ba2-3cc8-4df6-8f08-320d8515c20f","local_time":"20191130182715","is_ascension_mode":true,"campfire_choices":[{"data":"Zap","floor":6,"key":"SMITH"},{"data":"Redo","floor":12,"key":"SMITH"},{"floor":15,"key":"REST"},{"data":"Echo Form","floor":23,"key":"SMITH"},{"data":"All For One","floor":27,"key":"SMITH"},{"data":"Sunder","floor":32,"key":"SMITH"}],"neow_cost":"NO_GOLD","seed_source_timestamp":1483281629983775,"circlet_count":0,"master_deck":["Defend_B","Defend_B","Defend_B","Defend_B","Zap+1","Dualcast","Seek","All For One+1","Rebound","Go for the Eyes","Redo+1","Go for the Eyes","Core Surge","Core Surge","Coolheaded","Echo Form+1","Electrodynamics","Sunder+1","Necronomicurse","FTL","Glacier","Gash","Thunder Strike","Loop+1","Reprogram+1","Beam Cell+1"],"relics":["Cracked Core","Golden Idol","Bronze Scales","Ancient Tea Set","Oddly Smooth Stone","Ginger","Runic Pyramid","Juzu Bracelet","Necronomicon","Orichalcum","Red Mask","The Courier","SacredBark","Mango"],"potions_floor_usage":[8,13,16,24,28,30,40],"damage_taken":[{"damage":6,"enemies":"2 Louse","floor":1,"turns":2},{"damage":2,"enemies":"Jaw Worm","floor":7,"turns":3},{"damage":10,"enemies":"3 Sentries","floor":8,"turns":5},{"damage":25,"enemies":"Lagavulin","floor":10,"turns":6},{"damage":1,"enemies":"3 Sentries","floor":13,"turns":4},{"damage":3,"enemies":"Small Slimes","floor":14,"turns":2},{"damage":32,"enemies":"Slime Boss","floor":16,"turns":9},{"damage":3,"enemies":"3 Byrds","floor":18,"turns":2},{"damage":3,"enemies":"2 Thieves","floor":24,"turns":2},{"damage":0,"enemies":"Snake Plant","floor":28,"turns":3},{"damage":6,"enemies":"Masked Bandits","floor":29,"turns":2},{"damage":0,"enemies":"Centurion and Healer","floor":30,"turns":1},{"damage":80,"enemies":"Automaton","floor":33,"turns":9},{"damage":6,"enemies":"3 Shapes","floor":35,"turns":3},{"damage":2,"enemies":"Orb Walker","floor":37,"turns":2},{"damage":24,"enemies":"Mind Bloom Boss Battle","floor":38,"turns":7},{"damage":62,"enemies":"Time Eater","floor":40,"turns":10}],"seed_played":"-260934074049097405","potions_obtained":[{"floor":7,"key":"LiquidMemories"},{"floor":10,"key":"LiquidBronze"},{"floor":13,"key":"Fruit Juice"},{"floor":16,"key":"FairyPotion"},{"floor":18,"key":"AttackPotion"},{"floor":24,"key":"ColorlessPotion"},{"floor":28,"key":"SmokeBomb"},{"floor":38,"key":"Dexterity Potion"}],"is_trial":false,"path_per_floor":["M","?","?","?","$","R","M","E","T","E","$","R","E","M","R","B",null,"M","$","?","?","?","R","M","$","T","R","M","?","M","T","R","B",null,"M","?","M","?","?","B"],"character_chosen":"DEFECT","items_purchased":["Core Surge","Juzu Bracelet","Conserve Battery","FTL"],"campfire_rested":1,"item_purchase_floors":[11,19,19,25],"current_hp_per_floor":[69,51,75,64,64,64,62,52,52,27,27,27,31,28,52,20,80,77,77,77,61,61,61,58,58,58,58,58,52,52,52,52,4,80,74,74,72,62,62,0],"gold":410,"neow_bonus":"TRANSFORM_TWO_CARDS","is_prod":false,"is_daily":false,"chose_seed":false,"campfire_upgraded":5,"win_rate":0,"timestamp":1575120435,"path_taken":["M","?","?","?","?","R","?","E","T","E","$","R","E","M","R","BOSS","M","$","?","?","?","R","M","$","T","R","M","?","M","?","R","BOSS","M","?","M","?","?","BOSS"],"build_version":"2019-10-30","purchased_purges":0,"victory":false,"max_hp_per_floor":[75,75,75,75,75,75,75,75,75,75,75,75,80,80,80,80,80,80,80,80,80,80,80,80,80,80,80,80,80,80,80,80,80,80,80,80,80,94,94,94],"card_choices":[{"not_picked":["Barrage","Cold Snap"],"picked":"Rebound","floor":1},{"not_picked":["Stack","Rebound"],"picked":"Go for the Eyes","floor":7},{"not_picked":["Cold Snap","Turbo"],"picked":"Redo","floor":8},{"not_picked":["Stack","Sweeping Beam"],"picked":"Go for the Eyes","floor":10},{"not_picked":["Coolheaded","Loop"],"picked":"Core Surge","floor":13},{"not_picked":["Compile Driver","Ball Lightning"],"picked":"Coolheaded","floor":14},{"not_picked":["Core Surge","Fission"],"picked":"Echo Form","floor":16},{"not_picked":["Recycle","Compile Driver","Go for the Eyes"],"picked":"SKIP","floor":18},{"not_picked":["Stack","Loop+1","Turbo"],"picked":"SKIP","floor":24},{"not_picked":["Stack","Hologram"],"picked":"Glacier","floor":28},{"not_picked":["Steam","Consume"],"picked":"Gash","floor":29},{"not_picked":["Meteor Strike","Multi-Cast"],"picked":"Thunder Strike","floor":33},{"not_picked":["Redo","Rebound"],"picked":"Loop+1","floor":35},{"not_picked":["Leap","Streamline+1"],"picked":"Reprogram+1","floor":37},{"not_picked":["Rebound","Steam"],"picked":"Beam Cell+1","floor":38}],"player_experience":110103,"relics_obtained":[{"floor":8,"key":"Bronze Scales"},{"floor":9,"key":"Ancient Tea Set"},{"floor":10,"key":"Oddly Smooth Stone"},{"floor":13,"key":"Ginger"},{"floor":21,"key":"Necronomicon"},{"floor":26,"key":"Orichalcum"},{"floor":29,"key":"Red Mask"},{"floor":31,"key":"The Courier"},{"floor":38,"key":"Mango"}],"event_choices":[{"damage_healed":0,"gold_gain":0,"player_choice":"Take Damage","damage_taken":18,"relics_obtained":["Golden Idol"],"max_hp_gain":0,"max_hp_loss":0,"event_name":"Golden Idol","floor":2,"gold_loss":0},{"damage_healed":25,"gold_gain":0,"player_choice":"Banana","damage_taken":0,"max_hp_gain":0,"max_hp_loss":0,"event_name":"Big Fish","floor":3,"gold_loss":0},{"damage_healed":0,"gold_gain":75,"player_choice":"Gather Gold","damage_taken":11,"max_hp_gain":0,"max_hp_loss":0,"event_name":"World of Goop","floor":4,"gold_loss":0},{"damage_healed":0,"gold_gain":0,"cards_transformed":["Strike_B","Strike_B"],"player_choice":"Became Test Subject","damage_taken":0,"max_hp_gain":0,"max_hp_loss":0,"event_name":"Drug Dealer","floor":20,"gold_loss":0,"cards_obtained":["Electrodynamics","Sunder"]},{"damage_healed":0,"gold_gain":0,"player_choice":"Obtained Book","damage_taken":16,"max_hp_gain":0,"max_hp_loss":0,"event_name":"Cursed Tome","floor":21,"gold_loss":0},{"damage_healed":0,"gold_gain":99,"player_choice":"Stole From Cult","damage_taken":0,"max_hp_gain":0,"max_hp_loss":0,"event_name":"Nest","floor":22,"gold_loss":0},{"damage_healed":0,"gold_gain":0,"player_choice":"Fought Bandits","damage_taken":0,"max_hp_gain":0,"max_hp_loss":0,"event_name":"Masked Bandits","floor":29,"gold_loss":0},{"cards_removed":["Conserve Battery"],"damage_healed":0,"gold_gain":0,"player_choice":"Removed Skill","damage_taken":0,"max_hp_gain":0,"max_hp_loss":0,"event_name":"Falling","floor":36,"gold_loss":0},{"damage_healed":0,"gold_gain":0,"player_choice":"Fight","damage_taken":0,"max_hp_gain":0,"max_hp_loss":0,"event_name":"MindBloom","floor":38,"gold_loss":0},{"damage_healed":0,"gold_gain":0,"player_choice":"Took Portal","damage_taken":0,"max_hp_gain":0,"max_hp_loss":0,"event_name":"SecretPortal","floor":39,"gold_loss":0}],"is_beta":true,"boss_relics":[{"not_picked":["Coffee Dripper","Runic Dome"],"picked":"Runic Pyramid"},{"not_picked":["Busted Crown","Nuclear Battery"],"picked":"SacredBark"}],"items_purged_floors":[],"is_endless":false,"potions_floor_spawned":[7,10,13,16,18,24,28,30,38],"killed_by":"Time Eater","ascension_level":4}