{"gold_per_floor":[99,99,99,99,99,99,99,99,99,99,99,99,99,99,99,99,99,69,69,69,69,69,69,69,69,69,69,69,29,29,29,29,29,29,29,29,29,29,29,29,0,0,0,0,0,0,0,0,0,0],"floor_reached":51,"playtime":2421,"items_purged":[],"score":1044,"play_id":"140f9e14-a1ef-407e-a03a-899038679305","local_time":"20191129183310","is_ascension_mode":true,"campfire_choices":[{"data":"Zap","floor":6.0,"key":"SMITH"},{"data":"Dualcast","floor":8.0,"key":"SMITH"},{"data":"Rainbow","floor":15.0,"key":"SMITH"},{"data":"Amplify","floor":23.0,"key":"SMITH"},{"data":"Creative AI","floor":25,"key":"SMITH"},{"floor":32,"key":"REST"},{"data":"Storm","floor":49,"key":"SMITH"}],"neow_cost":"NONE","seed_source_timestamp":1396071455695534,"circlet_count":0,"master_deck":["Defend_B","Defend_B","Defend_B","Defend_B","Zap+1","Dualcast+1","Coolheaded","Rainbow+1","Creative AI+1","Amplify+1","Thunder Strike+1","Meteor Strike+1","Skim+1","Turbo","Capacitor+1","Self Repair","Hello World","Loop","Echo Form","Force Field+1","Reinforced Body","Storm+1","Self Repair","Electrodynamics","Reinforced Body+1"],"special_seed":0,"relics":["Ectoplasm","HornCleat","Odd Mushroom","Mummified Hand","Astrolabe","Centennial Puzzle","Anchor","CeramicFish","Matryoshka","Eternal Feather","Snecko Eye","Turnip","The Courier","Omamori","Red Mask","Bag of Marbles","Shuriken","PreservedInsect","Cables","Regal Pillow"],"potions_floor_usage":[24,35,50,50,50],"damage_taken":[{"damage":2.0,"enemies":"Jaw Worm","floor":1.0,"turns":3.0},{"damage":8.0,"enemies":"Small Slimes","floor":3.0,"turns":5.0},{"damage":2.0,"enemies":"2 Louse","floor":4.0,"turns":3.0},{"damage":0.0,"enemies":"2 Fungi Beasts","floor":7.0,"turns":3.0},{"damage":5.0,"enemies":"The Mushroom Lair","floor":10.0,"turns":3.0},{"damage":3.0,"enemies":"3 Sentries","floor":12.0,"turns":4.0},{"damage":20.0,"enemies":"Gremlin Gang","floor":14.0,"turns":3.0},{"damage":13.0,"enemies":"The Guardian","floor":16.0,"turns":10.0},{"damage":6.0,"enemies":"2 Thieves","floor":18.0,"turns":3.0},{"damage":10.0,"enemies":"Chosen","floor":22.0,"turns":5.0},{"damage":9,"enemies":"Book of Stabbing","floor":24,"turns":4},{"damage":8,"enemies":"Centurion and Healer","floor":28,"turns":5},{"damage":39,"enemies":"Gremlin Leader","floor":31,"turns":6},{"damage":0,"enemies":"Champ","floor":33,"turns":7},{"damage":7,"enemies":"3 Darklings","floor":35,"turns":4},{"damage":3,"enemies":"Mind Bloom Boss Battle","floor":36,"turns":3},{"damage":0,"enemies":"3 Shapes","floor":38,"turns":3},{"damage":7,"enemies":"Jaw Worm Horde","floor":39,"turns":2},{"damage":0,"enemies":"Nemesis","floor":40,"turns":5},{"damage":0,"enemies":"Giant Head","floor":42,"turns":5},{"damage":0,"enemies":"Writhing Mass","floor":45,"turns":3},{"damage":0,"enemies":"Transient","floor":46,"turns":5},{"damage":0,"enemies":"Jaw Worm Horde","floor":48,"turns":1},{"damage":0,"enemies":"Awakened One","floor":50,"turns":4}],"seed_played":"2002626569701705817","potions_obtained":[{"floor":3.0,"key":"FearPotion"},{"floor":4.0,"key":"SteroidPotion"},{"floor":10.0,"key":"AttackPotion"},{"floor":14.0,"key":"SteroidPotion"},{"floor":22.0,"key":"ColorlessPotion"},{"floor":31,"key":"LiquidBronze"},{"floor":33,"key":"Block Potion"},{"floor":38,"key":"DistilledChaos"},{"floor":39,"key":"Explosive Potion"},{"floor":48,"key":"Explosive Potion"}],"is_trial":false,"path_per_floor":["M","?","M","M","$","R","M","R","T","?","?","E","?","M","R","B",null,"M","?","?","?","M","R","E","R","T","T","M","$","?","E","R","B",null,"M","?","?","M","M","E","?","E","T","T","M","M","$","M","R","B",null],"character_chosen":"DEFECT","items_purchased":["Hello World"],"campfire_rested":1,"item_purchase_floors":[29],"current_hp_per_floor":[73,66,58,56,56,56,56,56,56,51,75,72,72,52,52,39,75,69,69,69,69,59,59,50,50,50,50,42,42,42,10,41,55,75,75,75,75,75,75,75,75,75,75,75,75,75,75,75,75,75],"gold":0,"neow_bonus":"BOSS_RELIC","is_prod":false,"is_daily":false,"chose_seed":false,"campfire_upgraded":6,"win_rate":0,"timestamp":1575034390,"path_taken":["M","?","M","M","$","R","M","R","T","?","?","E","?","?","R","BOSS","M","?","?","?","M","R","E","R","T","?","?","?","?","E","R","BOSS","M","?","?","M","?","E","?","E","T","?","M","?","$","M","R","BOSS"],"build_version":"2019-10-30","purchased_purges":0,"victory":true,"max_hp_per_floor":[75,75,75,75,75,75,75,75,75,75,75,75,75,75,75,75,75,75,75,75,75,75,75,75,75,75,75,75,75,75,75,75,75,75,75,75,75,75,75,75,75,75,75,75,75,75,75,75,75,75],"card_choices":[{"not_picked":["Barrage","Steam"],"picked":"Coolheaded","floor":1.0},{"not_picked":["White Noise","Steam","Ball Lightning"],"picked":"SKIP","floor":3.0},{"not_picked":["Steam","Stack"],"picked":"Rainbow","floor":4.0},{"not_picked":["Sweeping Beam","Beam Cell","Steam"],"picked":"SKIP","floor":7.0},{"not_picked":["Sunder","Cold Snap"],"picked":"Creative AI","floor":12.0},{"not_picked":["Barrage","Consume","Gash"],"picked":"SKIP","floor":14.0},{"not_picked":["Core Surge","Multi-Cast"],"picked":"Amplify","floor":16.0},{"not_picked":["Fusion","Go for the Eyes","Hologram"],"picked":"SKIP","floor":18.0},{"not_picked":["Go for the Eyes","Reprogram"],"picked":"Turbo","floor":22.0},{"not_picked":["Loop","Consume+1"],"picked":"Capacitor+1","floor":24},{"not_picked":["Glacier","Scrape+1"],"picked":"Self Repair","floor":28},{"not_picked":["Sunder","Steam Power+1"],"picked":"Loop","floor":31},{"not_picked":["Buffer","Electrodynamics"],"picked":"Echo Form","floor":33},{"not_picked":["Self Repair","Storm"],"picked":"Force Field+1","floor":35},{"not_picked":["Steam","Gash+1"],"picked":"Reinforced Body","floor":36},{"not_picked":["Streamline+1","Steam+1","Leap+1"],"picked":"SKIP","floor":38},{"not_picked":["Steam+1","Leap"],"picked":"Storm","floor":39},{"not_picked":["Rip and Tear","Turbo+1"],"picked":"Self Repair","floor":40},{"not_picked":["Stack+1","Redo","Melter"],"picked":"SKIP","floor":42},{"not_picked":["Beam Cell","Streamline"],"picked":"Electrodynamics","floor":45},{"not_picked":["Barrage","Gash","Sweeping Beam"],"picked":"SKIP","floor":46},{"not_picked":["Leap+1","Ball Lightning"],"picked":"Reinforced Body+1","floor":48}],"player_experience":103454,"relics_obtained":[{"floor":9.0,"key":"HornCleat"},{"floor":10.0,"key":"Odd Mushroom"},{"floor":12.0,"key":"Mummified Hand"},{"floor":24,"key":"Anchor"},{"floor":26,"key":"CeramicFish"},{"floor":27,"key":"Matryoshka"},{"floor":31,"key":"Eternal Feather"},{"floor":36,"key":"Turnip"},{"floor":40,"key":"Omamori"},{"floor":42,"key":"Bag of Marbles"},{"floor":43,"key":"Shuriken"},{"floor":43,"key":"PreservedInsect"},{"floor":44,"key":"Cables"},{"floor":44,"key":"Regal Pillow"}],"event_choices":[{"cards_removed":["Strike_B"],"damage_healed":0.0,"max_hp_gain":0.0,"max_hp_loss":0.0,"gold_gain":0.0,"event_name":"Golden Wing","player_choice":"Card Removal","floor":2.0,"gold_loss":0.0,"damage_taken":7.0},{"damage_healed":0.0,"max_hp_gain":0.0,"max_hp_loss":0.0,"gold_gain":0.0,"event_name":"Mushrooms","player_choice":"Fought Mushrooms","floor":10.0,"gold_loss":0.0,"damage_taken":0.0},{"damage_healed":25.0,"max_hp_gain":0.0,"max_hp_loss":0.0,"gold_gain":0.0,"event_name":"Big Fish","player_choice":"Banana","floor":11.0,"gold_loss":0.0,"damage_taken":0.0},{"damage_healed":0.0,"max_hp_gain":0.0,"max_hp_loss":0.0,"gold_gain":0.0,"event_name":"The Woman in Blue","player_choice":"Bought 0 Potions","floor":13.0,"gold_loss":0.0,"damage_taken":0.0},{"damage_healed":0.0,"max_hp_gain":0.0,"max_hp_loss":0.0,"gold_gain":0.0,"event_name":"The Mausoleum","player_choice":"Opened","floor":19.0,"gold_loss":0.0,"damage_taken":0.0,"relics_obtained":["Centennial Puzzle"]},{"damage_healed":0.0,"max_hp_gain":0.0,"max_hp_loss":0.0,"gold_gain":99.0,"event_name":"Nest","player_choice":"Stole From Cult","floor":20.0,"gold_loss":0.0,"damage_taken":0.0},{"damage_healed":0,"gold_gain":0,"player_choice":"Ignored","damage_taken":0,"max_hp_gain":0,"max_hp_loss":0,"event_name":"Vampires","floor":30,"gold_loss":0},{"damage_healed":0,"gold_gain":0,"player_choice":"Fight","damage_taken":0,"max_hp_gain":0,"max_hp_loss":0,"event_name":"MindBloom","floor":36,"gold_loss":0},{"damage_healed":0,"gold_gain":0,"player_choice":"Gave Potion","damage_taken":0,"relics_obtained":["The Courier"],"max_hp_gain":0,"max_hp_loss":0,"event_name":"WeMeetAgain","floor":37,"gold_loss":0},{"damage_healed":0,"gold_gain":0,"player_choice":"Paid","damage_taken":0,"relics_obtained":["Red Mask"],"max_hp_gain":0,"max_hp_loss":0,"event_name":"Tomb of Lord Red Mask","floor":41,"gold_loss":29}],"is_beta":true,"boss_relics":[{"not_picked":["Runic Dome","Velvet Choker"],"picked":"Astrolabe"},{"not_picked":["Sozu","Pandora\u0027s Box"],"picked":"Snecko Eye"}],"items_purged_floors":[],"is_endless":false,"potions_floor_spawned":[3,4,10,14,22,31,33,38,39,45,48],"ascension_level":3}