{"gold_per_floor":[117,117,117,128,141,176,176,186,212,212,212,235,262,279,279,392,455,475,250,273,198,198,198,198,147,147,166,128,164,164,192,192,299,299,311,311,311,18,18,18,18,18,18,39,0,20,20,362,362,362],"floor_reached":51,"playtime":2037,"items_purged":["Regret"],"score":943,"play_id":"073369f9-5d9b-48a5-80cd-95adea36ea30","local_time":"20191220092516","is_ascension_mode":true,"campfire_choices":[{"data":"Zap","floor":7,"key":"SMITH"},{"data":"Dualcast","floor":11,"key":"SMITH"},{"data":"Beam Cell","floor":15,"key":"SMITH"},{"data":"Hologram","floor":23,"key":"SMITH"},{"data":"Reinforced Body","floor":30,"key":"SMITH"},{"floor":32,"key":"REST"},{"data":"Defragment","floor":40,"key":"SMITH"},{"data":"Beam Cell","floor":42,"key":"SMITH"},{"data":"Core Surge","floor":49,"key":"SMITH"}],"neow_cost":"NONE","seed_source_timestamp":132625560030656,"circlet_count":0,"master_deck":["Zap+1","Dualcast+1","Gash+1","Self Repair+1","Glacier+1","Go for the Eyes+1","Streamline+1","Beam Cell+1","All For One+1","Glacier+1","Echo Form+1","Force Field+1","Coolheaded+1","Reinforced Body+1","Stack+1","Hologram+1","Beam Cell+1","Gash+1","Go for the Eyes+1","Melter+1","Seek+1","BootSequence+1","Defragment+1","Chill+1","Core Surge+1"],"relics":["Cracked Core","NeowsBlessing","MealTicket","Anchor","CeramicFish","Pandora\u0027s Box","Enchiridion","Blood Vial","Blue Candle","SlaversCollar","Orichalcum","Calipers","Red Mask","Mark of the Bloom","Old Coin"],"potions_floor_usage":[6,16,16,20,33,33,33,50,50,50],"damage_taken":[{"damage":0,"enemies":"Small Slimes","floor":1,"turns":1},{"damage":0,"enemies":"2 Louse","floor":4,"turns":1},{"damage":0,"enemies":"Jaw Worm","floor":5,"turns":1},{"damage":49,"enemies":"3 Sentries","floor":6,"turns":12},{"damage":2,"enemies":"3 Louse","floor":8,"turns":4},{"damage":9,"enemies":"Large Slime","floor":12,"turns":8},{"damage":7,"enemies":"Looter","floor":13,"turns":3},{"damage":3,"enemies":"Blue Slaver","floor":14,"turns":4},{"damage":36,"enemies":"Hexaghost","floor":16,"turns":13},{"damage":12,"enemies":"Shell Parasite","floor":18,"turns":5},{"damage":22,"enemies":"3 Byrds","floor":20,"turns":5},{"damage":15,"enemies":"Snake Plant","floor":27,"turns":4},{"damage":31,"enemies":"Slavers","floor":29,"turns":6},{"damage":6,"enemies":"Centurion and Healer","floor":31,"turns":5},{"damage":47,"enemies":"Automaton","floor":33,"turns":9},{"damage":18,"enemies":"Orb Walker","floor":35,"turns":4},{"damage":0,"enemies":"3 Shapes","floor":44,"turns":4},{"damage":3,"enemies":"3 Darklings","floor":46,"turns":7},{"damage":0,"enemies":"Nemesis","floor":48,"turns":7},{"damage":6,"enemies":"Awakened One","floor":50,"turns":13}],"seed_played":"1276277846853156527","potions_obtained":[{"floor":4,"key":"FearPotion"},{"floor":6,"key":"Dexterity Potion"},{"floor":8,"key":"EssenceOfSteel"},{"floor":13,"key":"Swift Potion"},{"floor":16,"key":"LiquidBronze"},{"floor":27,"key":"Strength Potion"},{"floor":33,"key":"SkillPotion"},{"floor":35,"key":"GamblersBrew"},{"floor":46,"key":"SpeedPotion"}],"is_trial":false,"path_per_floor":["M","?","?","M","M","E","R","M","T","?","R","M","M","M","R","B",null,"M","$","M","?","?","R","?","$","T","M","$","E","R","M","R","B",null,"M","?","?","$","?","R","$","R","T","M","?","M","?","E","R","B",null],"character_chosen":"DEFECT","items_purchased":["Core Surge","FocusPotion","Gash","BootSequence","Orichalcum","Defragment"],"campfire_rested":1,"item_purchase_floors":[19,25,28,38,38,38],"current_hp_per_floor":[68,68,68,68,75,33,33,38,38,38,38,36,36,40,40,11,59,54,69,54,54,38,38,63,75,75,67,75,51,51,54,75,35,65,63,63,63,75,71,71,71,71,71,71,71,71,71,71,71,65],"gold":362,"neow_bonus":"THREE_ENEMY_KILL","is_prod":false,"is_daily":false,"chose_seed":false,"campfire_upgraded":8,"win_rate":0,"timestamp":1576815916,"path_taken":["M","?","?","M","?","E","R","M","T","?","R","M","M","M","R","BOSS","M","$","M","?","?","R","?","$","T","M","$","E","R","M","R","BOSS","M","?","?","$","?","R","$","R","T","M","?","M","?","E","R","BOSS"],"build_version":"2019-10-30","purchased_purges":1,"victory":true,"max_hp_per_floor":[75,75,75,75,75,75,75,75,75,75,75,75,75,75,75,75,75,75,75,75,75,75,75,75,75,75,75,75,75,75,75,75,75,75,75,75,75,75,71,71,71,71,71,71,71,71,71,71,71,71],"card_choices":[{"not_picked":["Streamline","Ball Lightning"],"picked":"Gash","floor":1},{"not_picked":["Defragment","Ball Lightning"],"picked":"Glacier","floor":4},{"not_picked":["Compile Driver","Undo"],"picked":"Go for the Eyes","floor":5},{"not_picked":["Meteor Strike","Conserve Battery","Capacitor"],"picked":"SKIP","floor":6},{"not_picked":["Sweeping Beam","Chaos","Go for the Eyes"],"picked":"SKIP","floor":8},{"not_picked":["Aggregate","Double Energy"],"picked":"Streamline","floor":12},{"not_picked":["Melter","Rebound"],"picked":"Beam Cell","floor":13},{"not_picked":["Redo","Turbo","Steam"],"picked":"SKIP","floor":14},{"not_picked":["Electrodynamics","Reboot"],"picked":"All For One","floor":16},{"not_picked":["Chill+1","Cold Snap"],"picked":"Hologram","floor":18},{"not_picked":["Sweeping Beam","Undo"],"picked":"Beam Cell","floor":20},{"not_picked":["Coolheaded+1","Chaos","Undo"],"picked":"SKIP","floor":27},{"not_picked":["Reprogram+1","Leap"],"picked":"Go for the Eyes+1","floor":29},{"not_picked":["Turbo","Sweeping Beam"],"picked":"Melter","floor":31},{"not_picked":["Rainbow","Core Surge"],"picked":"Seek","floor":33},{"not_picked":["Auto Shields+1","Force Field","Doom and Gloom+1"],"picked":"SKIP","floor":35},{"not_picked":["White Noise+1","Redo+1"],"picked":"Chill+1","floor":44},{"not_picked":["Compile Driver+1","Barrage+1","Steam Power+1"],"picked":"SKIP","floor":46},{"not_picked":["Recycle+1","Hologram"],"picked":"Core Surge","floor":48}],"player_experience":157264,"relics_obtained":[{"floor":6,"key":"Anchor"},{"floor":9,"key":"CeramicFish"},{"floor":22,"key":"Enchiridion"},{"floor":26,"key":"Blood Vial"},{"floor":29,"key":"Blue Candle"},{"floor":43,"key":"Calipers"},{"floor":48,"key":"Old Coin"}],"event_choices":[{"damage_healed":0,"gold_gain":0,"cards_transformed":["Strike_B"],"player_choice":"Change","damage_taken":0,"max_hp_gain":0,"max_hp_loss":0,"event_name":"Living Wall","floor":2,"gold_loss":0,"cards_obtained":["Self Repair"]},{"damage_healed":0,"gold_gain":0,"player_choice":"Box","damage_taken":0,"relics_obtained":["MealTicket"],"max_hp_gain":0,"max_hp_loss":0,"event_name":"Big Fish","floor":3,"gold_loss":0,"cards_obtained":["Regret"]},{"damage_healed":0,"gold_gain":0,"player_choice":"Ignored","damage_taken":0,"max_hp_gain":0,"max_hp_loss":0,"event_name":"Liars Game","floor":10,"gold_loss":0},{"cards_removed":["Barrage"],"damage_healed":0,"gold_gain":0,"player_choice":"Gave Gold","damage_taken":0,"max_hp_gain":0,"max_hp_loss":0,"event_name":"Beggar","floor":21,"gold_loss":75},{"damage_healed":0,"gold_gain":0,"player_choice":"Obtained Book","damage_taken":16,"max_hp_gain":0,"max_hp_loss":0,"event_name":"Cursed Tome","floor":22,"gold_loss":0},{"damage_healed":25,"gold_gain":0,"player_choice":"Heal","damage_taken":0,"max_hp_gain":0,"max_hp_loss":0,"event_name":"The Library","floor":24,"gold_loss":0},{"damage_healed":0,"gold_gain":0,"player_choice":"Ignored","damage_taken":0,"max_hp_gain":0,"max_hp_loss":0,"event_name":"Mysterious Sphere","floor":36,"gold_loss":0},{"cards_removed":["Core Surge"],"damage_healed":0,"gold_gain":0,"player_choice":"Removed Attack","damage_taken":0,"max_hp_gain":0,"max_hp_loss":0,"event_name":"Falling","floor":37,"gold_loss":0},{"damage_healed":0,"gold_gain":0,"player_choice":"Max HP","damage_taken":0,"max_hp_gain":0,"max_hp_loss":4,"event_name":"Winding Halls","floor":39,"gold_loss":0},{"damage_healed":0,"gold_gain":0,"player_choice":"Paid","damage_taken":0,"relics_obtained":["Red Mask"],"max_hp_gain":0,"max_hp_loss":0,"event_name":"Tomb of Lord Red Mask","floor":45,"gold_loss":39},{"damage_healed":0,"gold_gain":0,"player_choice":"Upgrade","damage_taken":0,"relics_obtained":["Mark of the Bloom"],"max_hp_gain":0,"max_hp_loss":0,"event_name":"MindBloom","floor":47,"gold_loss":0,"cards_upgraded":["Gash","Self Repair","Glacier","Go for the Eyes","Streamline","All For One","Glacier","Echo Form","Force Field","Coolheaded","Stack","Gash","Melter","Seek","BootSequence"]}],"is_beta":true,"boss_relics":[{"not_picked":["Sozu","Fusion Hammer"],"picked":"Pandora\u0027s Box"},{"not_picked":["Black Star","Astrolabe"],"picked":"SlaversCollar"}],"items_purged_floors":[19],"is_endless":false,"potions_floor_spawned":[4,6,8,13,16,27,29,33,35,46],"ascension_level":6}