{"gold_per_floor":[114,189,189,212,63,63,107,126,180,26,40,10],"floor_reached":12,"playtime":257,"items_purged":["Defend_B"],"score":101,"play_id":"3caa3f63-2dd6-4606-8e37-a7fe9aa29a7c","local_time":"20191219191924","is_ascension_mode":true,"campfire_choices":[{"data":"Capacitor","floor":6,"key":"SMITH"}],"neow_cost":"TEN_PERCENT_HP_LOSS","seed_source_timestamp":83658158144468,"circlet_count":0,"master_deck":["Strike_B","Strike_B","Strike_B","Strike_B","Defend_B","Defend_B","Defend_B","Zap","Dualcast","Cold Snap","Rebound","Capacitor+1","Reboot","Defragment","Chill","Auto Shields"],"relics":["Cracked Core","TungstenRod","Golden Idol","Vajra","Oddly Smooth Stone"],"potions_floor_usage":[8,12],"damage_taken":[{"damage":0,"enemies":"Small Slimes","floor":1,"turns":2},{"damage":0,"enemies":"Jaw Worm","floor":4,"turns":3},{"damage":22,"enemies":"Lagavulin","floor":7,"turns":7},{"damage":0,"enemies":"Cultist","floor":8,"turns":2},{"damage":6,"enemies":"Blue Slaver","floor":11,"turns":3},{"damage":14,"enemies":"Exordium Thugs","floor":12,"turns":2}],"seed_played":"1093088134825999885","potions_obtained":[{"floor":7,"key":"EssenceOfSteel"},{"floor":11,"key":"Explosive Potion"}],"is_trial":false,"path_per_floor":["M","?","?","M","$","R","E","M","T","$","M","M"],"character_chosen":"DEFECT","items_purchased":["Capacitor","Defragment","Chill"],"campfire_rested":0,"item_purchase_floors":[5,10,10],"current_hp_per_floor":[68,58,42,42,42,42,20,20,20,20,14,0],"gold":10,"neow_bonus":"ONE_RARE_RELIC","is_prod":false,"is_daily":false,"chose_seed":false,"campfire_upgraded":1,"win_rate":0,"timestamp":1576765164,"path_taken":["M","?","?","M","?","R","E","M","T","$","?","M"],"build_version":"2019-10-30","purchased_purges":1,"victory":false,"max_hp_per_floor":[68,68,68,68,68,68,68,68,68,68,68,68],"card_choices":[{"not_picked":["Hologram","Beam Cell"],"picked":"Cold Snap","floor":1},{"not_picked":["Storm","Auto Shields"],"picked":"Rebound","floor":4},{"not_picked":["FTL","Conserve Battery"],"picked":"Reboot","floor":7},{"not_picked":["Doom and Gloom","Force Field","Stack"],"picked":"SKIP","floor":8},{"not_picked":["Hologram","Sweeping Beam"],"picked":"Auto Shields","floor":11}],"player_experience":155593,"relics_obtained":[{"floor":7,"key":"Vajra"},{"floor":9,"key":"Oddly Smooth Stone"}],"event_choices":[{"damage_healed":0,"gold_gain":75,"player_choice":"Gather Gold","damage_taken":11,"max_hp_gain":0,"max_hp_loss":0,"event_name":"World of Goop","floor":2,"gold_loss":0},{"damage_healed":0,"gold_gain":0,"player_choice":"Take Damage","damage_taken":17,"relics_obtained":["Golden Idol"],"max_hp_gain":0,"max_hp_loss":0,"event_name":"Golden Idol","floor":3,"gold_loss":0}],"is_beta":true,"boss_relics":[],"items_purged_floors":[5],"is_endless":false,"potions_floor_spawned":[7,11],"killed_by":"Exordium Thugs","ascension_level":6}