{"gold_per_floor":[117,117,137,154,168,168,168,18,64,110,122,149,178,2,2,100,100,110,129,200,200,65,65,65,81,150,184,184,184,200,150,150,248,248,264,275,287,297,310,310],"floor_reached":40,"playtime":1871,"items_purged":["Defend_B"],"score":558,"play_id":"33278176-b100-47c3-ab0a-c301fbb2afe1","local_time":"20191214013828","is_ascension_mode":true,"campfire_choices":[{"data":"Blizzard","floor":6,"key":"SMITH"},{"data":"Glacier","floor":11,"key":"SMITH"},{"data":"Glacier","floor":15,"key":"SMITH"},{"floor":24,"key":"RECALL"},{"floor":29,"key":"REST"},{"floor":32,"key":"REST"}],"neow_cost":"NONE","seed_source_timestamp":2631956456048271,"circlet_count":0,"master_deck":["Strike_B","Strike_B","Strike_B","Strike_B","Defend_B","Defend_B","Defend_B","Zap","Dualcast","Blizzard+1","Rebound","Reinforced Body","Glacier+1","Glacier+1","Self Repair","Capacitor","Hologram+1","Coolheaded","Echo Form","Cold Snap+1"],"relics":["Cracked Core","Bag of Marbles","MawBank","CaptainsWheel","Membership Card","Fusion Hammer","Blue Candle","Omamori","Singing Bowl","Question Card","Strawberry","Toy Ornithopter","Busted Crown"],"potions_floor_usage":[10,16,16,25,27,27,33,33,35,38,40],"damage_taken":[{"damage":2,"enemies":"Small Slimes","floor":1,"turns":4},{"damage":0,"enemies":"Cultist","floor":3,"turns":2},{"damage":7,"enemies":"Jaw Worm","floor":4,"turns":3},{"damage":7,"enemies":"2 Fungi Beasts","floor":5,"turns":4},{"damage":7,"enemies":"Gremlin Nob","floor":10,"turns":3},{"damage":0,"enemies":"3 Louse","floor":12,"turns":4},{"damage":2,"enemies":"Lots of Slimes","floor":13,"turns":3},{"damage":39,"enemies":"Hexaghost","floor":16,"turns":13},{"damage":0,"enemies":"Chosen","floor":18,"turns":6},{"damage":0,"enemies":"Shell Parasite","floor":19,"turns":7},{"damage":11,"enemies":"Chosen and Byrds","floor":25,"turns":8},{"damage":22,"enemies":"Gremlin Leader","floor":27,"turns":9},{"damage":10,"enemies":"Snake Plant","floor":30,"turns":9},{"damage":34,"enemies":"Collector","floor":33,"turns":12},{"damage":6,"enemies":"3 Shapes","floor":35,"turns":9},{"damage":15,"enemies":"Orb Walker","floor":36,"turns":5},{"damage":10,"enemies":"Sphere and 2 Shapes","floor":37,"turns":8},{"damage":36,"enemies":"4 Shapes","floor":38,"turns":7},{"damage":62,"enemies":"Transient","floor":39,"turns":5},{"damage":23,"enemies":"Nemesis","floor":40,"turns":7}],"seed_played":"-4008672645160781315","potions_obtained":[{"floor":2,"key":"ColorlessPotion"},{"floor":2,"key":"BlessingOfTheForge"},{"floor":2,"key":"LiquidBronze"},{"floor":10,"key":"FearPotion"},{"floor":13,"key":"Dexterity Potion"},{"floor":16,"key":"GamblersBrew"},{"floor":18,"key":"Swift Potion"},{"floor":27,"key":"LiquidMemories"},{"floor":30,"key":"ColorlessPotion"},{"floor":33,"key":"Explosive Potion"},{"floor":36,"key":"Dexterity Potion"},{"floor":39,"key":"BlessingOfTheForge"}],"is_trial":false,"path_per_floor":["M","?","M","M","M","R","?","$","T","E","R","M","M","$","R","B",null,"M","M","T","?","$","?","R","M","T","E","?","R","M","?","R","B",null,"M","M","M","M","M","E"],"character_chosen":"DEFECT","items_purchased":["Glacier","Self Repair","Membership Card","Capacitor","Omamori","Coolheaded"],"campfire_rested":2,"item_purchase_floors":[8,8,14,14,22,22],"current_hp_per_floor":[66,66,66,59,52,52,52,52,52,45,45,52,57,57,57,25,63,70,75,75,75,75,75,75,73,73,67,67,86,85,85,88,66,83,90,84,88,72,12,0],"gold":310,"neow_bonus":"THREE_CARDS","is_prod":false,"is_daily":false,"chose_seed":false,"campfire_upgraded":3,"win_rate":0,"timestamp":1576269508,"path_taken":["M","?","?","?","M","R","?","$","T","E","R","M","?","?","R","BOSS","M","M","?","?","$","?","R","M","T","E","?","R","M","?","R","BOSS","M","?","?","M","M","E"],"build_version":"2019-10-30","purchased_purges":1,"victory":false,"max_hp_per_floor":[75,75,75,75,75,75,75,75,75,75,75,75,75,75,75,75,75,75,75,75,75,75,75,75,77,77,86,86,86,88,88,88,88,88,90,92,92,94,96,96],"card_choices":[{"not_picked":["Streamline","Steam"],"picked":"Blizzard","floor":0},{"not_picked":["Conserve Battery","Go for the Eyes"],"picked":"Rebound","floor":1},{"not_picked":["Heatsinks","Scrape"],"picked":"Reinforced Body","floor":3},{"not_picked":["Melter","Ball Lightning","Conserve Battery"],"picked":"SKIP","floor":4},{"not_picked":["Leap","Coolheaded"],"picked":"Glacier","floor":5},{"not_picked":["Force Field","FTL","Conserve Battery"],"picked":"SKIP","floor":10},{"not_picked":["Rebound","Force Field","Steam"],"picked":"SKIP","floor":12},{"not_picked":["Rainbow","Gash","Turbo"],"picked":"SKIP","floor":13},{"not_picked":["Beam Cell","Steam"],"picked":"Hologram+1","floor":18},{"not_picked":["Heatsinks","Redo","FTL+1"],"picked":"SKIP","floor":19},{"not_picked":["Barrage","Rebound+1","Conserve Battery"],"picked":"Singing Bowl","floor":25},{"not_picked":["Force Field","Tempest","Compile Driver","Aggregate"],"picked":"Singing Bowl","floor":27},{"not_picked":["Hologram","Storm+1","Self Repair+1","FTL+1"],"picked":"Singing Bowl","floor":30},{"not_picked":["Seek","Buffer","Core Surge"],"picked":"Echo Form","floor":33},{"not_picked":["Redo+1","Stack"],"picked":"Singing Bowl","floor":35},{"not_picked":["Gash","Genetic Algorithm+1"],"picked":"Singing Bowl","floor":36},{"not_picked":["Hologram"],"picked":"Cold Snap+1","floor":37},{"not_picked":["Go for the Eyes+1","Skim"],"picked":"Singing Bowl","floor":38},{"not_picked":["Stack+1","Coolheaded+1"],"picked":"Singing Bowl","floor":39}],"player_experience":137868,"relics_obtained":[{"floor":7,"key":"Bag of Marbles"},{"floor":9,"key":"MawBank"},{"floor":10,"key":"CaptainsWheel"},{"floor":20,"key":"Blue Candle"},{"floor":26,"key":"Question Card"},{"floor":27,"key":"Strawberry"}],"event_choices":[{"damage_healed":0,"gold_gain":0,"player_choice":"Got Potions","damage_taken":0,"max_hp_gain":0,"max_hp_loss":0,"event_name":"Lab","floor":2,"gold_loss":0},{"damage_healed":0,"gold_gain":0,"player_choice":"Relic","damage_taken":0,"max_hp_gain":0,"max_hp_loss":0,"event_name":"Wheel of Change","floor":7,"gold_loss":0},{"damage_healed":0,"gold_gain":0,"player_choice":"Ignored","damage_taken":0,"max_hp_gain":0,"max_hp_loss":0,"event_name":"Beggar","floor":21,"gold_loss":0},{"damage_healed":0,"gold_gain":0,"player_choice":"Stole Relic","damage_taken":0,"relics_obtained":["Singing Bowl"],"max_hp_gain":0,"max_hp_loss":0,"event_name":"Addict","floor":23,"gold_loss":0,"cards_obtained":["Shame"]},{"damage_healed":0,"gold_gain":0,"player_choice":"Opened","damage_taken":0,"relics_obtained":["Toy Ornithopter"],"max_hp_gain":0,"max_hp_loss":0,"event_name":"The Mausoleum","floor":28,"gold_loss":0},{"damage_healed":0,"gold_gain":0,"player_choice":"Bet on Murderer","damage_taken":0,"max_hp_gain":0,"max_hp_loss":0,"event_name":"The Joust","floor":31,"gold_loss":50}],"is_beta":true,"boss_relics":[{"not_picked":["Black Star","Nuclear Battery"],"picked":"Fusion Hammer"},{"not_picked":["Cursed Key","Runic Dome"],"picked":"Busted Crown"}],"items_purged_floors":[22],"is_endless":false,"potions_floor_spawned":[4,10,13,16,18,27,30,33,36,39],"killed_by":"Nemesis","ascension_level":6}