{"gold_per_floor":[364,364,23,92,92,92,55,65,65,134,184,1,51,71,71,192,192,210,141,51],"floor_reached":20,"playtime":677,"items_purged":["Strike_B"],"score":211,"play_id":"298bede0-6ec2-4897-b2a5-999b20a00079","local_time":"20191215121303","is_ascension_mode":true,"campfire_choices":[{"data":"Darkness","floor":6,"key":"SMITH"},{"data":"Barrage","floor":15,"key":"SMITH"}],"neow_cost":"TEN_PERCENT_HP_LOSS","seed_source_timestamp":2757637602018540,"circlet_count":0,"master_deck":["Strike_B","Strike_B","Defend_B","Defend_B","Defend_B","Defend_B","Zap","Dualcast","Darkness+1","Enlightenment","Coolheaded","Rebound","Barrage+1","Genetic Algorithm","Defragment","Secret Technique","Conserve Battery","Echo Form","CurseOfTheBell","BootSequence","Defragment+1"],"relics":["Cracked Core","SsserpentHead","Runic Capacitor","Calipers","Golden Idol","Calling Bell","Orichalcum","Frozen Egg 2","Thread and Needle"],"potions_floor_usage":[14,16],"damage_taken":[{"damage":7,"enemies":"Jaw Worm","floor":1,"turns":3},{"damage":0,"enemies":"Cultist","floor":4,"turns":4},{"damage":9,"enemies":"Small Slimes","floor":8,"turns":4},{"damage":20,"enemies":"Exordium Thugs","floor":10,"turns":4},{"damage":0,"enemies":"3 Louse","floor":14,"turns":4},{"damage":31,"enemies":"The Guardian","floor":16,"turns":10},{"damage":14,"enemies":"Chosen","floor":18,"turns":6},{"damage":27,"enemies":"2 Thieves","floor":20,"turns":5}],"seed_played":"-3757302336938422207","potions_obtained":[{"floor":1,"key":"PotionOfCapacity"},{"floor":10,"key":"ColorlessPotion"},{"floor":16,"key":"Fruit Juice"}],"is_trial":false,"path_per_floor":["M","?","$","M","?","R","$","M","T","M","?","$","?","M","R","B",null,"M","$","M"],"character_chosen":"DEFECT","items_purchased":["Enlightenment","Runic Capacitor","Coolheaded","Barrage","Genetic Algorithm","Secret Technique","Defragment+1"],"campfire_rested":0,"item_purchase_floors":[3,3,3,7,7,12,19],"current_hp_per_floor":[61,61,61,61,61,61,61,52,52,32,32,32,32,32,32,6,53,39,39,12],"gold":51,"neow_bonus":"TWO_FIFTY_GOLD","is_prod":false,"is_daily":false,"chose_seed":false,"campfire_upgraded":2,"win_rate":0,"timestamp":1576393983,"path_taken":["M","?","$","?","?","R","?","M","T","?","?","$","?","M","R","BOSS","M","$","M"],"build_version":"2019-10-30","purchased_purges":1,"victory":false,"max_hp_per_floor":[68,68,68,68,68,68,68,68,68,68,63,63,63,63,63,68,68,68,68,68],"card_choices":[{"not_picked":["Static Discharge","Compile Driver"],"picked":"Darkness","floor":1},{"not_picked":["Coolheaded","Tempest"],"picked":"Rebound","floor":4},{"not_picked":["Stack","Storm"],"picked":"Defragment","floor":8},{"not_picked":["Steam","Stack","Turbo"],"picked":"SKIP","floor":10},{"not_picked":["Chill","Go for the Eyes"],"picked":"Conserve Battery","floor":14},{"not_picked":["Machine Learning","Amplify"],"picked":"Echo Form","floor":16},{"not_picked":["Static Discharge+1","Coolheaded"],"picked":"BootSequence","floor":18}],"player_experience":142667,"relics_obtained":[{"floor":9,"key":"Calipers"},{"floor":17,"key":"Orichalcum"},{"floor":17,"key":"Frozen Egg 2"},{"floor":17,"key":"Thread and Needle"}],"event_choices":[{"damage_healed":0,"gold_gain":0,"player_choice":"Trade","damage_taken":0,"relics_obtained":["SsserpentHead"],"max_hp_gain":0,"max_hp_loss":0,"event_name":"FaceTrader","floor":2,"gold_loss":0},{"cards_removed":["Strike_B"],"damage_healed":0,"gold_gain":0,"player_choice":"Card Removal","damage_taken":0,"max_hp_gain":0,"max_hp_loss":0,"event_name":"The Cleric","floor":5,"gold_loss":50},{"damage_healed":0,"gold_gain":0,"player_choice":"Lose Max HP","damage_taken":0,"relics_obtained":["Golden Idol"],"max_hp_gain":0,"max_hp_loss":5,"event_name":"Golden Idol","floor":11,"gold_loss":0},{"damage_healed":0,"gold_gain":0,"player_choice":"Searched \u00270\u0027 times","damage_taken":0,"max_hp_gain":0,"max_hp_loss":0,"event_name":"Dead Adventurer","floor":13,"gold_loss":0}],"is_beta":true,"boss_relics":[{"not_picked":["Astrolabe","Cursed Key"],"picked":"Calling Bell"}],"items_purged_floors":[3],"is_endless":false,"potions_floor_spawned":[1,10,16],"killed_by":"2 Thieves","ascension_level":6}