{"gold_per_floor":[109,59,78,89,36,36,69,85,131,206,206,281,456,456,456,552,602,612,197,229,245,245,245,256,274,274,274,274,66,66,77,77,182,182,198,28,250,250,14,49,49,49,49,68,68,88,100,110,110,110],"floor_reached":51,"playtime":2327,"items_purged":["Doubt","Defend_B"],"score":1043,"play_id":"cf0f972f-0ddd-4626-8a8a-8569beac7f03","local_time":"20191226192914","is_ascension_mode":true,"campfire_choices":[{"data":"Redo","floor":6,"key":"SMITH"},{"floor":11,"key":"REST"},{"data":"Dualcast","floor":15,"key":"SMITH"},{"data":"Loop","floor":23,"key":"SMITH"},{"floor":30,"key":"REST"},{"data":"Coolheaded","floor":32,"key":"SMITH"},{"floor":41,"key":"REST"},{"data":"Biased Cognition","floor":45,"key":"SMITH"},{"data":"Loop","floor":49,"key":"SMITH"}],"neow_cost":"NONE","seed_source_timestamp":687021285708897,"circlet_count":0,"master_deck":["Strike_B","Strike_B","Strike_B","Defend_B+1","Defend_B","Dualcast+1","Conserve Battery+1","Doom and Gloom","Coolheaded+1","Auto Shields","Redo+1","Capacitor+1","Coolheaded","Redo+1","Coolheaded+1","Loop+1","Melter","Turbo+1","Glacier+1","Steam+1","Biased Cognition+1","CurseOfTheBell","Loop+1","Loop+1","Panacea+1","Conserve Battery+1","Stack+1"],"relics":["Cracked Core","The Courier","Nunchaku","Toxic Egg 2","Tiny House","Gambling Chip","Red Mask","War Paint","Symbiotic Virus","Calling Bell","Happy Flower","Eternal Feather","Lizard Tail","Lantern","Oddly Smooth Stone","Bottled Lightning"],"potions_floor_usage":[27,33,33,40,46,50],"damage_taken":[{"damage":2,"enemies":"Small Slimes","floor":1,"turns":3},{"damage":7,"enemies":"Jaw Worm","floor":3,"turns":3},{"damage":0,"enemies":"2 Louse","floor":4,"turns":3},{"damage":29,"enemies":"Lagavulin","floor":7,"turns":8},{"damage":3,"enemies":"Blue Slaver","floor":8,"turns":3},{"damage":21,"enemies":"The Guardian","floor":16,"turns":13},{"damage":12,"enemies":"Chosen","floor":18,"turns":6},{"damage":23,"enemies":"Masked Bandits","floor":20,"turns":4},{"damage":3,"enemies":"Shell Parasite","floor":21,"turns":8},{"damage":17,"enemies":"3 Cultists","floor":24,"turns":5},{"damage":15,"enemies":"Shelled Parasite and Fungi","floor":25,"turns":7},{"damage":12,"enemies":"Snecko","floor":27,"turns":4},{"damage":0,"enemies":"Sentry and Sphere","floor":31,"turns":4},{"damage":38,"enemies":"Collector","floor":33,"turns":10},{"damage":29,"enemies":"3 Shapes","floor":35,"turns":4},{"damage":18,"enemies":"Giant Head","floor":40,"turns":8},{"damage":0,"enemies":"Orb Walker","floor":44,"turns":3},{"damage":9,"enemies":"4 Shapes","floor":46,"turns":11},{"damage":9,"enemies":"3 Darklings","floor":47,"turns":17},{"damage":12,"enemies":"Spire Growth","floor":48,"turns":5},{"damage":52,"enemies":"Awakened One","floor":50,"turns":14}],"seed_played":"8759285367816540779","potions_obtained":[{"floor":1,"key":"Strength Potion"},{"floor":17,"key":"SmokeBomb"},{"floor":25,"key":"DistilledChaos"},{"floor":35,"key":"FocusPotion"},{"floor":44,"key":"AttackPotion"}],"is_trial":false,"path_per_floor":["M","?","M","M","$","R","E","M","T","?","R","?","?","T","R","B",null,"M","$","?","M","?","R","M","M","T","M","?","$","R","M","R","B",null,"M","$","?","?","$","E","R","$","T","M","R","M","M","M","R","B",null],"character_chosen":"DEFECT","items_purchased":["Redo","Gambling Chip","Loop","Melter","Symbiotic Virus","Loop","DistilledChaos","Panacea+1","Lantern","Conserve Battery+1"],"campfire_rested":3,"item_purchase_floors":[5,19,19,19,29,36,36,39,39,39],"current_hp_per_floor":[66,66,59,59,59,59,30,27,27,27,49,38,38,38,38,17,66,54,54,31,28,90,90,73,58,58,46,46,46,73,73,73,35,76,47,47,47,44,44,26,68,68,68,68,83,74,65,53,68,16],"gold":110,"neow_bonus":"TRANSFORM_CARD","is_prod":false,"is_daily":false,"chose_seed":false,"campfire_upgraded":6,"win_rate":0,"timestamp":1577370554,"path_taken":["M","?","M","M","$","R","E","M","T","?","R","?","?","?","R","BOSS","M","$","?","M","?","R","M","?","T","M","?","?","R","?","R","BOSS","M","$","?","?","$","E","R","$","T","M","R","M","M","?","R","BOSS"],"build_version":"2019-10-30","purchased_purges":2,"victory":true,"max_hp_per_floor":[75,75,75,75,75,75,75,75,75,75,75,75,75,75,75,75,80,80,80,80,80,90,90,90,90,90,90,90,90,90,90,90,90,90,90,90,90,90,90,90,90,90,90,90,90,90,90,90,90,90],"card_choices":[{"not_picked":["Streamline","Undo"],"picked":"Doom and Gloom","floor":1},{"not_picked":["Hologram","Aggregate"],"picked":"Coolheaded","floor":3},{"not_picked":["Rebound","Compile Driver"],"picked":"Auto Shields","floor":4},{"not_picked":["Buffer","Barrage"],"picked":"Capacitor","floor":7},{"not_picked":["Sweeping Beam","Beam Cell"],"picked":"Coolheaded","floor":8},{"not_picked":["Electrodynamics","Rainbow+1"],"picked":"Seek+1","floor":16},{"not_picked":["Doom and Gloom","Auto Shields+1"],"picked":"Redo+1","floor":17},{"not_picked":["Streamline","Tempest+1"],"picked":"Coolheaded+1","floor":18},{"not_picked":["Compile Driver","Undo+1"],"picked":"Turbo+1","floor":20},{"not_picked":["Leap+1","Double Energy+1"],"picked":"Glacier+1","floor":21},{"not_picked":["Doom and Gloom","Static Discharge","Blizzard"],"picked":"SKIP","floor":24},{"not_picked":["Recycle+1","Rebound","Chaos+1"],"picked":"SKIP","floor":25},{"not_picked":["Undo+1","All For One"],"picked":"Steam+1","floor":31},{"not_picked":["Rainbow+1","Core Surge"],"picked":"Biased Cognition","floor":33},{"not_picked":["Reprogram+1","Sweeping Beam"],"picked":"Loop+1","floor":35},{"not_picked":["Cold Snap+1","Rip and Tear"],"picked":"Stack+1","floor":40},{"not_picked":["Leap+1","Force Field+1","Conserve Battery+1"],"picked":"SKIP","floor":44},{"not_picked":["Hologram+1","Cold Snap","Gash+1"],"picked":"SKIP","floor":46},{"not_picked":["Beam Cell+1","Hologram+1","Sunder+1"],"picked":"SKIP","floor":47},{"not_picked":["Coolheaded+1","Rebound","Cold Snap"],"picked":"SKIP","floor":48}],"player_experience":178839,"relics_obtained":[{"floor":7,"key":"The Courier"},{"floor":9,"key":"Nunchaku"},{"floor":14,"key":"Toxic Egg 2"},{"floor":20,"key":"Red Mask"},{"floor":26,"key":"War Paint"},{"floor":34,"key":"Happy Flower"},{"floor":34,"key":"Eternal Feather"},{"floor":34,"key":"Lizard Tail"},{"floor":40,"key":"Oddly Smooth Stone"},{"floor":43,"key":"Bottled Lightning"}],"event_choices":[{"cards_removed":["Zap"],"damage_healed":0,"gold_gain":0,"player_choice":"Card Removal","damage_taken":0,"max_hp_gain":0,"max_hp_loss":0,"event_name":"The Cleric","floor":2,"gold_loss":50},{"damage_healed":0,"gold_gain":75,"player_choice":"Gained Gold","damage_taken":0,"max_hp_gain":0,"max_hp_loss":0,"event_name":"Golden Wing","floor":10,"gold_loss":0},{"damage_healed":0,"gold_gain":75,"player_choice":"Gather Gold","damage_taken":11,"max_hp_gain":0,"max_hp_loss":0,"event_name":"World of Goop","floor":12,"gold_loss":0},{"damage_healed":0,"gold_gain":175,"player_choice":"AGREE","damage_taken":0,"max_hp_gain":0,"max_hp_loss":0,"event_name":"Liars Game","floor":13,"gold_loss":0,"cards_obtained":["Doubt"]},{"damage_healed":0,"gold_gain":0,"player_choice":"Fought Bandits","damage_taken":0,"max_hp_gain":0,"max_hp_loss":0,"event_name":"Masked Bandits","floor":20,"gold_loss":0},{"cards_removed":["Seek"],"damage_healed":52,"gold_gain":0,"player_choice":"Offered Rare","damage_taken":0,"max_hp_gain":10,"max_hp_loss":0,"event_name":"Bonfire Elementals","floor":22,"gold_loss":0},{"cards_removed":["Defend_B"],"damage_healed":0,"gold_gain":0,"player_choice":"Elegance","damage_taken":0,"max_hp_gain":0,"max_hp_loss":0,"event_name":"Back to Basics","floor":28,"gold_loss":0},{"damage_healed":0,"gold_gain":222,"player_choice":"Wore Mask","damage_taken":0,"max_hp_gain":0,"max_hp_loss":0,"event_name":"Tomb of Lord Red Mask","floor":37,"gold_loss":0},{"damage_healed":0,"gold_gain":0,"player_choice":"Punched","damage_taken":3,"max_hp_gain":0,"max_hp_loss":0,"event_name":"Designer","floor":38,"gold_loss":0}],"is_beta":true,"boss_relics":[{"not_picked":["Coffee Dripper","Fusion Hammer"],"picked":"Tiny House"},{"not_picked":["Cursed Key","Busted Crown"],"picked":"Calling Bell"}],"items_purged_floors":[19,36],"is_endless":false,"potions_floor_spawned":[1,25,27,35,44],"ascension_level":9}