{"gold_per_floor":[116,291,65,65,65,103,103,103,127,166,179,179,179,202,202,323,323,337,612,410,423,423,423,338,338,389,405,418,418,446,463,463,565,565,585,603,603,1602,947,962,972,240,240,276,276,309,309,25,25,25],"floor_reached":51,"playtime":1724,"items_purged":["Regret","Defend_B","Defend_B+1"],"score":1225,"play_id":"4c8aeb31-536d-4e44-ad7d-39c6b5e715c4","local_time":"20200102174355","is_ascension_mode":true,"campfire_choices":[{"data":"Zap","floor":7,"key":"SMITH"},{"data":"Beam Cell","floor":12,"key":"SMITH"},{"data":"Go for the Eyes","floor":15,"key":"SMITH"},{"data":"Machine Learning","floor":23,"key":"SMITH"},{"data":"Fission","floor":29,"key":"SMITH"},{"data":"Dualcast","floor":32,"key":"SMITH"},{"data":"Creative AI","floor":45,"key":"SMITH"},{"floor":49,"key":"REST"}],"neow_cost":"NONE","seed_source_timestamp":1286151684560467,"circlet_count":0,"master_deck":["AscendersBane","Zap+1","Dualcast+1","Gash+1","BootSequence","Gash+1","Beam Cell+1","Go for the Eyes+1","Machine Learning+1","Amplify+1","Melter+1","Sunder+1","All For One+1","Conserve Battery","Self Repair+1","Fission+1","Hello World+1","Beam Cell+1","Echo Form","Glacier","Steam+1","Creative AI+1","Conserve Battery+1","Gash","Heatsinks+1"],"relics":["Cracked Core","NeowsBlessing","Pen Nib","Bloody Idol","Bronze Scales","Bag of Preparation","Bird Faced Urn","Astrolabe","Eternal Feather","Omamori","DataDisk","Empty Cage","Toolbox","Centennial Puzzle","StrikeDummy","Medical Kit","Ancient Tea Set","White Beast Statue","Frozen Egg 2","Whetstone","Orichalcum"],"potions_floor_usage":[16,16,30,33,50,50],"damage_taken":[{"damage":0,"enemies":"Jaw Worm","floor":1,"turns":1},{"damage":0,"enemies":"Gremlin Nob","floor":6,"turns":1},{"damage":0,"enemies":"Lagavulin","floor":10,"turns":1},{"damage":0,"enemies":"Small Slimes","floor":11,"turns":3},{"damage":0,"enemies":"2 Louse","floor":14,"turns":2},{"damage":18,"enemies":"Hexaghost","floor":16,"turns":10},{"damage":0,"enemies":"Shell Parasite","floor":18,"turns":2},{"damage":5,"enemies":"2 Thieves","floor":21,"turns":3},{"damage":17,"enemies":"Cultist and Chosen","floor":27,"turns":5},{"damage":38,"enemies":"Snake Plant","floor":28,"turns":4},{"damage":24,"enemies":"Book of Stabbing","floor":30,"turns":4},{"damage":15,"enemies":"Snecko","floor":31,"turns":5},{"damage":28,"enemies":"Champ","floor":33,"turns":6},{"damage":13,"enemies":"3 Shapes","floor":35,"turns":4},{"damage":10,"enemies":"3 Darklings","floor":36,"turns":5},{"damage":30,"enemies":"Maw","floor":40,"turns":6},{"damage":24,"enemies":"Writhing Mass","floor":41,"turns":5},{"damage":11,"enemies":"Sphere and 2 Shapes","floor":44,"turns":4},{"damage":48,"enemies":"Reptomancer","floor":46,"turns":5},{"damage":27,"enemies":"Awakened One","floor":50,"turns":9}],"seed_played":"5075349672741583743","potions_obtained":[{"floor":10,"key":"SpeedPotion"},{"floor":11,"key":"Ancient Potion"},{"floor":28,"key":"LiquidBronze"},{"floor":30,"key":"FocusPotion"},{"floor":31,"key":"LiquidMemories"},{"floor":36,"key":"Block Potion"}],"is_trial":false,"path_per_floor":["M","?","$","?","$","E","R","?","T","E","M","R","?","M","R","B",null,"M","?","$","M","?","R","?","?","T","M","M","R","E","M","R","B",null,"M","M","?","?","$","M","M","$","T","M","R","E","?","$","R","B",null],"character_chosen":"DEFECT","items_purchased":["BootSequence","Pen Nib","All For One","Conserve Battery","Toolbox","Centennial Puzzle","StrikeDummy","Medical Kit","Ancient Tea Set","White Beast Statue","Strength Potion","Gash","Heatsinks+1","Orichalcum","Strength Potion"],"campfire_rested":1,"item_purchase_floors":[3,3,20,20,39,39,39,42,42,42,42,48,48,48,48],"current_hp_per_floor":[68,68,68,50,50,50,50,43,43,43,43,43,28,28,28,10,59,59,59,59,56,56,56,56,56,61,63,44,56,51,57,69,62,72,68,75,75,75,75,70,71,71,71,75,75,46,46,46,71,71],"gold":25,"neow_bonus":"THREE_ENEMY_KILL","is_prod":false,"is_daily":false,"chose_seed":false,"campfire_upgraded":7,"win_rate":0,"timestamp":1577969035,"path_taken":["M","?","$","?","$","E","R","?","T","E","M","R","?","M","R","BOSS","M","?","?","M","?","R","?","?","T","M","?","R","E","M","R","BOSS","M","M","?","?","$","M","M","$","T","M","R","E","?","$","R","BOSS"],"build_version":"2019-10-30","purchased_purges":3,"victory":true,"max_hp_per_floor":[75,75,75,75,75,75,75,75,75,75,75,75,75,75,75,75,75,75,75,75,75,75,75,75,75,75,75,75,75,75,75,75,75,75,75,75,75,75,75,75,75,75,75,75,75,75,71,71,71,71],"card_choices":[{"not_picked":["Turbo","Barrage"],"picked":"Gash","floor":1},{"not_picked":["Loop","Double Energy","Blizzard"],"picked":"SKIP","floor":6},{"not_picked":["Coolheaded","Conserve Battery"],"picked":"Gash","floor":10},{"not_picked":["Sweeping Beam","Thunder Strike"],"picked":"Beam Cell","floor":11},{"not_picked":["Hologram","Redo"],"picked":"Go for the Eyes","floor":14},{"not_picked":["Meteor Strike","Buffer"],"picked":"Machine Learning","floor":16},{"not_picked":["Stack","Auto Shields","Capacitor"],"picked":"SKIP","floor":18},{"not_picked":["Redo","Sweeping Beam"],"picked":"Self Repair+1","floor":21},{"not_picked":["Conserve Battery","Capacitor+1"],"picked":"Fission","floor":27},{"not_picked":["Hologram","Darkness","Rip and Tear"],"picked":"SKIP","floor":28},{"not_picked":["Melter","Rip and Tear"],"picked":"Hello World+1","floor":30},{"not_picked":["Go for the Eyes","Redo+1"],"picked":"Beam Cell+1","floor":31},{"not_picked":["Meteor Strike","Hyperbeam"],"picked":"Echo Form","floor":33},{"not_picked":["Coolheaded+1","Leap"],"picked":"Glacier","floor":35},{"not_picked":["Leap+1","Beam Cell"],"picked":"Steam+1","floor":36},{"not_picked":["Ball Lightning","Rebound+1","Stack+1"],"picked":"SKIP","floor":40},{"not_picked":["Streamline","Go for the Eyes"],"picked":"Creative AI","floor":41},{"not_picked":["Leap+1","Ball Lightning+1","Hello World+1"],"picked":"SKIP","floor":44},{"not_picked":["Reprogram+1","Beam Cell+1"],"picked":"Conserve Battery+1","floor":46}],"player_experience":196392,"relics_obtained":[{"floor":6,"key":"Bronze Scales"},{"floor":9,"key":"Bag of Preparation"},{"floor":10,"key":"Bird Faced Urn"},{"floor":26,"key":"Omamori"},{"floor":30,"key":"DataDisk"},{"floor":43,"key":"Frozen Egg 2"},{"floor":46,"key":"Whetstone"}],"event_choices":[{"damage_healed":0,"gold_gain":175,"player_choice":"AGREE","damage_taken":0,"max_hp_gain":0,"max_hp_loss":0,"event_name":"Liars Game","floor":2,"gold_loss":0,"cards_obtained":["Doubt"]},{"damage_healed":0,"gold_gain":0,"player_choice":"Take Damage","damage_taken":18,"relics_obtained":["Golden Idol"],"max_hp_gain":0,"max_hp_loss":0,"event_name":"Golden Idol","floor":4,"gold_loss":0},{"cards_removed":["Strike_B"],"damage_healed":0,"gold_gain":0,"player_choice":"Card Removal","damage_taken":7,"max_hp_gain":0,"max_hp_loss":0,"event_name":"Golden Wing","floor":8,"gold_loss":0},{"damage_healed":0,"gold_gain":0,"player_choice":"Entered Light","damage_taken":15,"max_hp_gain":0,"max_hp_loss":0,"event_name":"Shining Light","floor":13,"gold_loss":0,"cards_upgraded":["Defend_B","Gash"]},{"damage_healed":0,"gold_gain":275,"player_choice":"Desecrate","damage_taken":0,"max_hp_gain":0,"max_hp_loss":0,"event_name":"Golden Shrine","floor":19,"gold_loss":0,"cards_obtained":["Regret"]},{"damage_healed":0,"gold_gain":0,"player_choice":"Gave Idol","damage_taken":0,"relics_obtained":["Bloody Idol"],"max_hp_gain":0,"max_hp_loss":0,"event_name":"Forgotten Altar","floor":22,"relics_lost":["Golden Idol"],"gold_loss":0},{"damage_healed":0,"gold_gain":0,"player_choice":"Obtained Relic","damage_taken":0,"relics_obtained":["Eternal Feather"],"max_hp_gain":0,"max_hp_loss":0,"event_name":"Addict","floor":24,"gold_loss":85},{"cards_removed":["Strike_B"],"damage_healed":0,"gold_gain":0,"player_choice":"Elegance","damage_taken":0,"max_hp_gain":0,"max_hp_loss":0,"event_name":"Back to Basics","floor":25,"gold_loss":0},{"damage_healed":0,"gold_gain":0,"player_choice":"Ignored","damage_taken":0,"max_hp_gain":0,"max_hp_loss":0,"event_name":"Mysterious Sphere","floor":37,"gold_loss":0},{"damage_healed":0,"gold_gain":999,"player_choice":"Gold","damage_taken":0,"max_hp_gain":0,"max_hp_loss":0,"event_name":"MindBloom","floor":38,"gold_loss":0,"cards_obtained":["Normality","Normality"]},{"damage_healed":0,"gold_gain":0,"player_choice":"Max HP","damage_taken":0,"max_hp_gain":0,"max_hp_loss":4,"event_name":"Winding Halls","floor":47,"gold_loss":0}],"is_beta":true,"boss_relics":[{"not_picked":["Busted Crown","Cursed Key"],"picked":"Astrolabe"},{"not_picked":["Sozu","Runic Pyramid"],"picked":"Empty Cage"}],"items_purged_floors":[20,39,42],"is_endless":false,"potions_floor_spawned":[10,11,14,28,30,31,36,44,46],"ascension_level":11}