{"gold_per_floor":[114,79,154,154,170,170,197,197,246,266,294,294,294,311,311,412,412,423,423,26,42,59,59,59,59,127,179,179,197,207,241,241,337,387,406,406,406,406],"floor_reached":38,"playtime":1279,"items_purged":[],"score":580,"play_id":"330614e6-f8a4-4958-97b8-e64995ea99ee","local_time":"20191224161437","is_ascension_mode":true,"campfire_choices":[{"data":"Zap","floor":6,"key":"SMITH"},{"data":"Dualcast","floor":8,"key":"SMITH"},{"floor":13,"key":"REST"},{"data":"Defragment","floor":15,"key":"SMITH"},{"floor":23,"key":"REST"},{"data":"1","floor":25,"key":"LIFT"},{"floor":32,"key":"REST"}],"neow_cost":"NONE","seed_source_timestamp":503579275017576,"circlet_count":0,"master_deck":["Strike_B","Strike_B","Strike_B","Strike_B","Defend_B","Defend_B+1","Defend_B","Defend_B","Zap+1","Dualcast+1","Defragment+1","Steam","Gash","Defragment+1","White Noise","Electrodynamics","Coolheaded","All For One","CurseOfTheBell","Cold Snap+1","Hologram+1","Redo+1","Core Surge","Coolheaded+1","Amplify+1","Loop"],"relics":["Cracked Core","Dream Catcher","Bottled Lightning","Bronze Scales","Potion Belt","White Beast Statue","Calling Bell","Art of War","Mummified Hand","Girya","Toxic Egg 2","Runic Capacitor","Shuriken","Pen Nib","Centennial Puzzle","Oddly Smooth Stone","Tiny House"],"potions_floor_usage":[7,21,29,31,31,33,33,33,38,38],"damage_taken":[{"damage":1,"enemies":"Cultist","floor":1,"turns":3},{"damage":4,"enemies":"2 Louse","floor":5,"turns":2},{"damage":14,"enemies":"3 Sentries","floor":7,"turns":5},{"damage":1,"enemies":"Jaw Worm","floor":10,"turns":2},{"damage":28,"enemies":"Gremlin Nob","floor":11,"turns":4},{"damage":5,"enemies":"Blue Slaver","floor":14,"turns":3},{"damage":14,"enemies":"Hexaghost","floor":16,"turns":8},{"damage":23,"enemies":"Shell Parasite","floor":18,"turns":5},{"damage":2,"enemies":"3 Byrds","floor":21,"turns":2},{"damage":9,"enemies":"Sentry and Sphere","floor":22,"turns":4},{"damage":6,"enemies":"Snecko","floor":29,"turns":5},{"damage":0,"enemies":"Chosen and Byrds","floor":30,"turns":3},{"damage":25,"enemies":"Slavers","floor":31,"turns":3},{"damage":28,"enemies":"Collector","floor":33,"turns":8},{"damage":1,"enemies":"3 Shapes","floor":35,"turns":5},{"damage":79,"enemies":"Time Eater","floor":38,"turns":11}],"seed_played":"3264569080032449163","potions_obtained":[{"floor":1,"key":"SkillPotion"},{"floor":11,"key":"FearPotion"},{"floor":14,"key":"Dexterity Potion"},{"floor":16,"key":"AttackPotion"},{"floor":18,"key":"PowerPotion"},{"floor":21,"key":"Swift Potion"},{"floor":22,"key":"BlessingOfTheForge"},{"floor":29,"key":"BlessingOfTheForge"},{"floor":30,"key":"Dexterity Potion"},{"floor":31,"key":"EssenceOfSteel"},{"floor":33,"key":"Block Potion"},{"floor":34,"key":"SteroidPotion"},{"floor":35,"key":"Fire Potion"}],"is_trial":false,"path_per_floor":["M","$","?","?","M","R","E","R","T","M","E","T","R","M","R","B",null,"M","?","$","M","M","R","?","R","T","T","?","M","M","E","R","B",null,"M","?","?","B"],"character_chosen":"DEFECT","items_purchased":["Defragment","Toxic Egg 2","Runic Capacitor"],"campfire_rested":3,"item_purchase_floors":[2,20,20],"current_hp_per_floor":[67,67,56,56,52,52,38,38,38,37,9,9,31,26,26,12,59,36,30,30,28,19,41,41,41,41,41,41,35,35,10,32,4,62,61,61,61,0],"gold":406,"neow_bonus":"RANDOM_COMMON_RELIC","is_prod":false,"is_daily":false,"chose_seed":false,"campfire_upgraded":3,"win_rate":0,"timestamp":1577186077,"path_taken":["M","?","?","?","M","R","E","R","T","?","E","?","R","M","R","BOSS","M","?","$","M","?","R","?","R","T","?","?","?","M","E","R","BOSS","M","?","?","BOSS"],"build_version":"2019-10-30","purchased_purges":0,"victory":false,"max_hp_per_floor":[75,75,75,75,75,75,75,75,75,75,75,75,75,75,75,75,75,75,75,75,75,75,75,75,75,75,75,75,75,75,75,75,75,80,80,80,80,80],"card_choices":[{"not_picked":["Auto Shields","Hologram","Scrape"],"picked":"SKIP","floor":1},{"not_picked":["Skim","Conserve Battery"],"picked":"Steam","floor":5},{"not_picked":["Streamline","Leap"],"picked":"Gash","floor":7},{"not_picked":["Tempest","Hologram"],"picked":"Defragment","floor":10},{"not_picked":["Fusion","Hologram"],"picked":"White Noise","floor":11},{"not_picked":["Sweeping Beam","Leap"],"picked":"Electrodynamics","floor":13},{"not_picked":["Tempest","Conserve Battery"],"picked":"Coolheaded","floor":14},{"not_picked":["Seek","Biased Cognition"],"picked":"All For One","floor":16},{"not_picked":["Sweeping Beam","Redo"],"picked":"Cold Snap+1","floor":18},{"not_picked":["Reprogram+1","Leap+1","Sunder"],"picked":"SKIP","floor":21},{"not_picked":["Streamline","Leap+1"],"picked":"Hologram+1","floor":22},{"not_picked":["Sweeping Beam","Steam+1"],"picked":"Redo+1","floor":23},{"not_picked":["Stack+1","Redo+1","Fusion+1"],"picked":"SKIP","floor":29},{"not_picked":["Compile Driver+1","Stack+1"],"picked":"Core Surge","floor":30},{"not_picked":["Beam Cell","Scrape"],"picked":"Coolheaded+1","floor":31},{"not_picked":["Multi-Cast+1","Electrodynamics"],"picked":"Amplify+1","floor":33},{"not_picked":["Heatsinks","Conserve Battery+1"],"picked":"Loop","floor":34},{"not_picked":["Ball Lightning","Leap+1","Loop"],"picked":"SKIP","floor":35}],"player_experience":174812,"relics_obtained":[{"floor":7,"key":"Bottled Lightning"},{"floor":9,"key":"Bronze Scales"},{"floor":11,"key":"Potion Belt"},{"floor":12,"key":"White Beast Statue"},{"floor":17,"key":"Art of War"},{"floor":17,"key":"Mummified Hand"},{"floor":17,"key":"Girya"},{"floor":26,"key":"Shuriken"},{"floor":27,"key":"Pen Nib"},{"floor":31,"key":"Oddly Smooth Stone"}],"event_choices":[{"damage_healed":0,"gold_gain":75,"player_choice":"Gather Gold","damage_taken":11,"max_hp_gain":0,"max_hp_loss":0,"event_name":"World of Goop","floor":3,"gold_loss":0},{"damage_healed":0,"gold_gain":0,"player_choice":"Forge","damage_taken":0,"max_hp_gain":0,"max_hp_loss":0,"event_name":"Accursed Blacksmith","floor":4,"gold_loss":0,"cards_upgraded":["Defragment"]},{"damage_healed":0,"gold_gain":0,"player_choice":"","damage_taken":6,"max_hp_gain":0,"max_hp_loss":0,"event_name":"Knowing Skull","floor":19,"potions_obtained":[],"gold_loss":0,"cards_obtained":[]},{"damage_healed":0,"gold_gain":0,"player_choice":"Opened","damage_taken":0,"relics_obtained":["Centennial Puzzle"],"max_hp_gain":0,"max_hp_loss":0,"event_name":"The Mausoleum","floor":28,"gold_loss":0},{"damage_healed":0,"gold_gain":0,"player_choice":"Ignored","damage_taken":0,"max_hp_gain":0,"max_hp_loss":0,"event_name":"Tomb of Lord Red Mask","floor":36,"gold_loss":0},{"damage_healed":0,"gold_gain":0,"player_choice":"Took Portal","damage_taken":0,"max_hp_gain":0,"max_hp_loss":0,"event_name":"SecretPortal","floor":37,"gold_loss":0}],"is_beta":true,"boss_relics":[{"not_picked":["SacredBark","Runic Dome"],"picked":"Calling Bell"},{"not_picked":["Coffee Dripper","Philosopher\u0027s Stone"],"picked":"Tiny House"}],"items_purged_floors":[],"is_endless":false,"potions_floor_spawned":[1,11,14,16,18,21,22,29,30,31,33,35],"killed_by":"Time Eater","ascension_level":9}