{"gold_per_floor":[118,118,118,193,204,204,218,218,245,8,32,32,55,93,93,218,218,231,255,273,298,397,397,397,397,420,436,460,160,160,160,160,289,289,305,305,305,205,1204,1204,1240,1240,1240,1259,1592,1592,1605,1660,1660,1660],"floor_reached":51,"playtime":1977,"items_purged":["Defend_B","Defend_B"],"score":997,"play_id":"55fbcf26-c080-47ca-9d13-5795463d974a","local_time":"20191222213236","is_ascension_mode":true,"campfire_choices":[{"floor":6.0,"key":"REST"},{"data":"Blizzard","floor":15.0,"key":"SMITH"},{"data":"Hologram","floor":23.0,"key":"SMITH"},{"floor":30.0,"key":"REST"},{"data":"Defragment","floor":32.0,"key":"SMITH"},{"data":"Biased Cognition","floor":40,"key":"SMITH"},{"floor":42,"key":"REST"},{"floor":49,"key":"REST"}],"neow_cost":"NONE","seed_source_timestamp":349037447897612,"circlet_count":0,"master_deck":["Strike_B","Strike_B+1","Strike_B","Defend_B","Zap+1","Dualcast+1","Cold Snap+1","Blizzard+1","White Noise","BootSequence+1","Coolheaded","Biased Cognition+1","Cold Snap","Rebound","Hologram+1","Defragment+1","Core Surge"],"special_seed":0,"relics":["Cracked Core","Boot","Regal Pillow","Lee\u0027s Waffle","Bottled Flame","Nuclear Battery","Gremlin Horn","Orichalcum","Omamori","SacredBark","Kunai","Girya","War Paint"],"potions_floor_usage":[33,33,33,50],"damage_taken":[{"damage":4.0,"enemies":"2 Louse","floor":1.0,"turns":2.0},{"damage":0.0,"enemies":"Small Slimes","floor":5.0,"turns":2.0},{"damage":0.0,"enemies":"Cultist","floor":7.0,"turns":3.0},{"damage":7.0,"enemies":"2 Fungi Beasts","floor":11.0,"turns":4.0},{"damage":1.0,"enemies":"Blue Slaver","floor":13.0,"turns":3.0},{"damage":22.0,"enemies":"Gremlin Nob","floor":14.0,"turns":4.0},{"damage":17.0,"enemies":"Slime Boss","floor":16.0,"turns":11.0},{"damage":18.0,"enemies":"3 Byrds","floor":18.0,"turns":5.0},{"damage":5.0,"enemies":"2 Thieves","floor":19.0,"turns":4.0},{"damage":0.0,"enemies":"Centurion and Healer","floor":20.0,"turns":6.0},{"damage":3.0,"enemies":"Shelled Parasite and Fungi","floor":21.0,"turns":7.0},{"damage":16.0,"enemies":"Snake Plant","floor":27.0,"turns":6.0},{"damage":8.0,"enemies":"Snecko","floor":28.0,"turns":7.0},{"damage":5,"enemies":"Collector","floor":33,"turns":10},{"damage":0,"enemies":"3 Shapes","floor":35,"turns":5},{"damage":40,"enemies":"Nemesis","floor":41,"turns":9},{"damage":38,"enemies":"3 Darklings","floor":44,"turns":6},{"damage":19,"enemies":"4 Shapes","floor":47,"turns":3},{"damage":24,"enemies":"Time Eater","floor":50,"turns":16}],"seed_played":"-3570731535550431527","potions_obtained":[{"floor":1.0,"key":"LiquidMemories"},{"floor":5.0,"key":"Strength Potion"},{"floor":13.0,"key":"GamblersBrew"},{"floor":14.0,"key":"SkillPotion"},{"floor":18.0,"key":"PowerPotion"},{"floor":20.0,"key":"LiquidMemories"},{"floor":28.0,"key":"ColorlessPotion"},{"floor":41,"key":"DuplicationPotion"}],"is_trial":false,"path_per_floor":["M","?","?","?","M","R","M","?","T","$","M","?","M","E","R","B",null,"M","M","M","M","?","R","$","?","T","M","M","$","R","?","R","B",null,"M","?","?","$","?","R","E","R","T","M","?","?","M","T","R","B",null],"character_chosen":"DEFECT","items_purchased":["Lee\u0027s Waffle","White Noise","Omamori","DistilledChaos"],"campfire_rested":4,"item_purchase_floors":[10,10,29,29],"current_hp_per_floor":[64,49,42,31,31,53,53,35,35,82,75,75,74,52,52,35,70,52,47,47,44,44,44,44,44,44,28,20,20,59,59,59,54,75,75,75,75,75,75,75,35,73,73,35,35,35,16,16,54,30],"gold":1660,"neow_bonus":"RANDOM_COMMON_RELIC","is_prod":false,"is_daily":false,"chose_seed":false,"campfire_upgraded":4,"win_rate":0,"timestamp":1577032356,"path_taken":["M","?","?","?","M","R","M","?","T","?","M","?","?","E","R","BOSS","M","M","M","M","?","R","$","?","T","M","M","$","R","?","R","BOSS","M","?","?","$","?","R","E","R","T","M","?","?","?","?","R","BOSS"],"build_version":"2019-10-30","purchased_purges":2,"victory":true,"max_hp_per_floor":[75,75,75,75,75,75,75,75,75,82,82,82,82,82,82,82,82,82,82,82,82,82,82,82,82,82,82,82,82,82,82,82,82,82,82,82,78,78,78,78,78,78,78,78,78,78,78,78,78,78],"card_choices":[{"not_picked":["Redo","Steam"],"picked":"Cold Snap","floor":1.0},{"not_picked":["Sweeping Beam","Melter"],"picked":"Blizzard","floor":5.0},{"not_picked":["Compile Driver","Turbo","Recycle"],"picked":"SKIP","floor":7.0},{"not_picked":["Stack","Gash"],"picked":"BootSequence","floor":11.0},{"not_picked":["Fusion","Stack","Redo"],"picked":"SKIP","floor":13.0},{"not_picked":["Beam Cell","Go for the Eyes"],"picked":"Coolheaded","floor":14.0},{"not_picked":["Machine Learning","Meteor Strike"],"picked":"Biased Cognition","floor":16.0},{"not_picked":["Stack","Turbo"],"picked":"Cold Snap","floor":18.0},{"not_picked":["Darkness","Hello World","Sunder"],"picked":"SKIP","floor":19.0},{"not_picked":["Streamline","Compile Driver"],"picked":"Rebound","floor":20.0},{"not_picked":["Steam","Coolheaded"],"picked":"Hologram","floor":21.0},{"not_picked":["BootSequence","Beam Cell"],"picked":"Defragment","floor":27.0},{"not_picked":["Tempest","Static Discharge","Force Field"],"picked":"SKIP","floor":28.0},{"not_picked":["Amplify","Machine Learning"],"picked":"Core Surge","floor":33},{"not_picked":["Leap","Compile Driver","Auto Shields+1"],"picked":"SKIP","floor":35},{"not_picked":["Static Discharge","Redo+1","Storm+1"],"picked":"SKIP","floor":41},{"not_picked":["Double Energy","Hologram+1","Storm+1"],"picked":"SKIP","floor":44},{"not_picked":["Steam+1","Storm+1","Heatsinks"],"picked":"SKIP","floor":47}],"player_experience":170004,"relics_obtained":[{"floor":9.0,"key":"Regal Pillow"},{"floor":14.0,"key":"Bottled Flame"},{"floor":26.0,"key":"Orichalcum"},{"floor":41,"key":"Kunai"},{"floor":43,"key":"Girya"},{"floor":48,"key":"War Paint"}],"event_choices":[{"damage_healed":0.0,"max_hp_gain":0.0,"max_hp_loss":0.0,"gold_gain":0.0,"event_name":"Shining Light","player_choice":"Entered Light","floor":2.0,"gold_loss":0.0,"damage_taken":15.0,"cards_upgraded":["Strike_B","Cold Snap"]},{"cards_removed":["Strike_B"],"damage_healed":0.0,"max_hp_gain":0.0,"max_hp_loss":0.0,"gold_gain":0.0,"event_name":"Golden Wing","player_choice":"Card Removal","floor":3.0,"gold_loss":0.0,"damage_taken":7.0},{"damage_healed":0.0,"max_hp_gain":0.0,"max_hp_loss":0.0,"gold_gain":75.0,"event_name":"World of Goop","player_choice":"Gather Gold","floor":4.0,"gold_loss":0.0,"damage_taken":11.0},{"damage_healed":0.0,"max_hp_gain":0.0,"max_hp_loss":0.0,"gold_gain":0.0,"event_name":"Golden Idol","player_choice":"Take Damage","floor":8.0,"gold_loss":0.0,"damage_taken":18.0,"relics_obtained":["Golden Idol"]},{"damage_healed":0.0,"max_hp_gain":0.0,"max_hp_loss":0.0,"gold_gain":0.0,"event_name":"Liars Game","player_choice":"Ignored","floor":12.0,"gold_loss":0.0,"damage_taken":0.0},{"damage_healed":0.0,"max_hp_gain":0.0,"max_hp_loss":0.0,"gold_gain":99.0,"event_name":"Nest","player_choice":"Stole From Cult","floor":22.0,"gold_loss":0.0,"damage_taken":0.0},{"damage_healed":0.0,"max_hp_gain":0.0,"max_hp_loss":0.0,"gold_gain":0.0,"event_name":"The Mausoleum","player_choice":"Opened","floor":25.0,"gold_loss":0.0,"damage_taken":0.0,"relics_obtained":["Gremlin Horn"]},{"damage_healed":0.0,"max_hp_gain":0.0,"max_hp_loss":0.0,"gold_gain":0.0,"event_name":"Cursed Tome","player_choice":"Ignored","floor":31.0,"gold_loss":0.0,"damage_taken":0.0},{"cards_removed":["Defend_B"],"damage_healed":0,"gold_gain":0,"player_choice":"Removed Skill","damage_taken":0,"max_hp_gain":0,"max_hp_loss":0,"event_name":"Falling","floor":36,"gold_loss":0},{"damage_healed":0,"gold_gain":0,"player_choice":"Max HP","damage_taken":0,"max_hp_gain":0,"max_hp_loss":4,"event_name":"Winding Halls","floor":37,"gold_loss":0},{"damage_healed":0,"gold_gain":999,"player_choice":"Gold","damage_taken":0,"max_hp_gain":0,"max_hp_loss":0,"event_name":"MindBloom","floor":39,"gold_loss":0,"cards_obtained":["Normality","Normality"]},{"damage_healed":0,"gold_gain":333,"player_choice":"Gave Idol","damage_taken":0,"max_hp_gain":0,"max_hp_loss":0,"event_name":"The Moai Head","floor":45,"relics_lost":["Golden Idol"],"gold_loss":0},{"damage_healed":0,"gold_gain":0,"player_choice":"Forge","damage_taken":0,"max_hp_gain":0,"max_hp_loss":0,"event_name":"Accursed Blacksmith","floor":46,"gold_loss":0,"cards_upgraded":["Dualcast"]}],"is_beta":true,"boss_relics":[{"not_picked":["Sozu","Busted Crown"],"picked":"Nuclear Battery"},{"not_picked":["Snecko Eye","Tiny House"],"picked":"SacredBark"}],"items_purged_floors":[29,38],"is_endless":false,"potions_floor_spawned":[1,5,13,14,18,20,28,41],"ascension_level":8}