{"gold_per_floor":[114,64,82,100,100,100,156,156,156,185,185,185,204,237,237,340,340,354,137,137,65,65,65,95,69,69,69,88,88,88,13,13,113,113,125,174,174,174,174,174,122,122,147,147,163,163,50,67,67,67],"floor_reached":51,"playtime":1665,"items_purged":["Strike_B"],"score":998,"play_id":"e52918f7-0952-4f6f-8d2f-0b7d5d35e673","local_time":"20191226223938","is_ascension_mode":true,"campfire_choices":[{"data":"Redo","floor":6.0,"key":"SMITH"},{"floor":8.0,"key":"REST"},{"floor":12.0,"key":"REST"},{"floor":15.0,"key":"REST"},{"data":"Zap","floor":23,"key":"SMITH"},{"data":"Redo","floor":27,"key":"SMITH"},{"data":"Thunder Strike","floor":30,"key":"SMITH"},{"data":"Defragment","floor":32,"key":"SMITH"},{"data":"Biased Cognition","floor":40,"key":"SMITH"},{"floor":44,"key":"REST"},{"floor":46,"key":"REST"},{"data":"Capacitor","floor":49,"key":"SMITH"}],"neow_cost":"NONE","seed_source_timestamp":698914787811133,"circlet_count":0,"master_deck":["AscendersBane","Strike_B+1","Defend_B+1","Defend_B+1","Defend_B+1","Defend_B+1","Zap+1","Dualcast+1","Thunder Strike+1","Redo+1","Ball Lightning+1","Steam+1","Glacier+1","Biased Cognition+1","Core Surge+1","BootSequence+1","Defragment+1","Redo+1","Turbo+1","Coolheaded+1","Electrodynamics+1","Core Surge+1","Cold Snap+1","Defragment+1","Secret Technique+1","Reinforced Body+1","Capacitor+1","Reinforced Body","Beam Cell+1"],"special_seed":0,"relics":["Cracked Core","Question Card","Blood Vial","HornCleat","Molten Egg 2","Toy Ornithopter","DataDisk","Bag of Marbles","Mercury Hourglass","Runic Pyramid","Du-Vu Doll","Mark of the Bloom","PreservedInsect"],"potions_floor_usage":[24,25,33,50,50,50],"damage_taken":[{"damage":12.0,"enemies":"Jaw Worm","floor":1.0,"turns":3.0},{"damage":1.0,"enemies":"2 Louse","floor":3.0,"turns":3.0},{"damage":0.0,"enemies":"Cultist","floor":4.0,"turns":3.0},{"damage":30.0,"enemies":"Lagavulin Event","floor":7.0,"turns":6.0},{"damage":31.0,"enemies":"3 Sentries","floor":10.0,"turns":6.0},{"damage":16.0,"enemies":"Lots of Slimes","floor":13.0,"turns":4.0},{"damage":9.0,"enemies":"Lagavulin","floor":14.0,"turns":4.0},{"damage":26.0,"enemies":"Slime Boss","floor":16.0,"turns":8.0},{"damage":1,"enemies":"3 Byrds","floor":18,"turns":6},{"damage":34,"enemies":"Book of Stabbing","floor":24,"turns":6},{"damage":2,"enemies":"2 Thieves","floor":25,"turns":5},{"damage":3,"enemies":"Centurion and Healer","floor":28,"turns":7},{"damage":34,"enemies":"Collector","floor":33,"turns":12},{"damage":14,"enemies":"3 Darklings","floor":35,"turns":4},{"damage":40,"enemies":"2 Orb Walkers","floor":36,"turns":4},{"damage":0,"enemies":"Orb Walker","floor":45,"turns":4},{"damage":0,"enemies":"Maw","floor":48,"turns":6},{"damage":3,"enemies":"Awakened One","floor":50,"turns":12}],"seed_played":"7701533459827927006","potions_obtained":[{"floor":1.0,"key":"Block Potion"},{"floor":3.0,"key":"LiquidMemories"},{"floor":4.0,"key":"LiquidMemories"},{"floor":11.0,"key":"DuplicationPotion"},{"floor":11.0,"key":"Energy Potion"},{"floor":18,"key":"Weak Potion"},{"floor":24,"key":"FearPotion"},{"floor":25,"key":"Energy Potion"},{"floor":35,"key":"Fire Potion"}],"is_trial":false,"path_per_floor":["M","?","M","M","T","R","?","R","T","E","?","R","M","E","R","B",null,"M","$","?","$","?","R","E","M","T","R","M","?","R","$","R","B",null,"M","?","?","?","?","R","$","?","T","R","M","R","$","M","R","B",null],"character_chosen":"DEFECT","items_purchased":["Defragment","DataDisk","LiquidMemories","Block Potion","Capacitor","Reinforced Body"],"campfire_rested":5,"item_purchase_floors":[19,19,21,41,47,47],"current_hp_per_floor":[56,56,55,55,55,55,25,47,47,18,18,40,26,19,41,27,63,64,64,64,64,64,64,37,42,42,42,41,41,41,41,41,14,60,48,10,10,10,66,66,66,66,66,66,66,66,66,66,66,63],"gold":67,"neow_bonus":"ONE_RANDOM_RARE_CARD","is_prod":false,"is_daily":false,"chose_seed":false,"campfire_upgraded":7,"win_rate":0,"timestamp":1577381978,"path_taken":["M","?","M","M","?","R","?","R","T","E","?","R","?","E","R","BOSS","M","?","?","?","?","R","E","?","T","R","M","?","R","$","R","BOSS","M","?","?","?","?","R","$","?","T","R","?","R","$","?","R","BOSS"],"build_version":"2019-10-30","purchased_purges":1,"victory":true,"max_hp_per_floor":[75,75,75,75,75,75,75,75,75,75,75,75,75,75,75,75,75,75,75,75,75,75,75,75,75,75,75,75,75,75,75,75,75,75,75,75,75,75,66,66,66,66,66,66,66,66,66,66,66,66],"card_choices":[{"not_picked":["Chaos","Cold Snap"],"picked":"Redo","floor":1.0},{"not_picked":["Beam Cell","Sweeping Beam","Stack"],"picked":"SKIP","floor":3.0},{"not_picked":["Skim","Streamline","Barrage"],"picked":"SKIP","floor":4.0},{"not_picked":["Rebound","Beam Cell","Compile Driver"],"picked":"Ball Lightning","floor":7.0},{"not_picked":["Scrape","Amplify","Gash"],"picked":"Steam","floor":10.0},{"not_picked":["Compile Driver+1","Force Field","Gash+1"],"picked":"Glacier","floor":13.0},{"not_picked":["Reinforced Body","Amplify","Reprogram"],"picked":"Biased Cognition","floor":14.0},{"not_picked":["Fission","Meteor Strike+1","Creative AI"],"picked":"Core Surge+1","floor":16.0},{"not_picked":["Turbo","Rebound+1","Storm"],"picked":"BootSequence+1","floor":18},{"not_picked":["Scrape+1","Stack+1","Beam Cell+1"],"picked":"Redo","floor":24},{"not_picked":["Ball Lightning+1","Hologram+1","Streamline+1"],"picked":"Turbo+1","floor":25},{"not_picked":["Stack+1","Beam Cell+1","Redo"],"picked":"Coolheaded","floor":28},{"not_picked":["Electrodynamics","Meteor Strike+1","Rainbow"],"picked":"Core Surge+1","floor":33},{"not_picked":["Melter+1","Hologram+1","Sweeping Beam+1"],"picked":"Cold Snap+1","floor":35},{"not_picked":["Barrage+1","Coolheaded+1","Fusion+1"],"picked":"Defragment","floor":36},{"not_picked":["Trip","Purity","Transmutation"],"picked":"Secret Technique","floor":38},{"not_picked":["Redo","Loop+1","Blizzard+1"],"picked":"Reinforced Body+1","floor":45},{"not_picked":["Redo","Tempest","Barrage+1"],"picked":"Beam Cell+1","floor":48}],"player_experience":181190,"relics_obtained":[{"floor":5.0,"key":"Question Card"},{"floor":7.0,"key":"Blood Vial"},{"floor":9.0,"key":"HornCleat"},{"floor":10.0,"key":"Molten Egg 2"},{"floor":14.0,"key":"Toy Ornithopter"},{"floor":24,"key":"Bag of Marbles"},{"floor":26,"key":"Mercury Hourglass"},{"floor":36,"key":"Du-Vu Doll"},{"floor":43,"key":"PreservedInsect"}],"event_choices":[{"cards_removed":["Strike_B"],"damage_healed":0.0,"max_hp_gain":0.0,"max_hp_loss":0.0,"gold_gain":0.0,"event_name":"The Cleric","player_choice":"Card Removal","floor":2.0,"gold_loss":50.0,"damage_taken":0.0},{"damage_healed":0.0,"max_hp_gain":0.0,"max_hp_loss":0.0,"gold_gain":0.0,"event_name":"Dead Adventurer","player_choice":"Searched \u00272\u0027 times","floor":7.0,"gold_loss":0.0,"damage_taken":0.0},{"damage_healed":0.0,"max_hp_gain":0.0,"max_hp_loss":0.0,"gold_gain":0.0,"event_name":"Lab","player_choice":"Got Potions","floor":11.0,"gold_loss":0.0,"damage_taken":0.0},{"damage_healed":0,"gold_gain":0,"player_choice":"Ignored","damage_taken":0,"max_hp_gain":0,"max_hp_loss":0,"event_name":"Vampires","floor":20,"gold_loss":0},{"damage_healed":0,"gold_gain":0,"player_choice":"Read","damage_taken":0,"max_hp_gain":0,"max_hp_loss":0,"event_name":"The Library","floor":29,"gold_loss":0,"cards_obtained":["Electrodynamics"]},{"damage_healed":0,"gold_gain":0,"player_choice":"Fight","damage_taken":0,"max_hp_gain":0,"max_hp_loss":0,"event_name":"Mysterious Sphere","floor":36,"gold_loss":0},{"cards_removed":["Strike_B"],"damage_healed":0,"gold_gain":0,"player_choice":"Removed Attack","damage_taken":0,"max_hp_gain":0,"max_hp_loss":0,"event_name":"Falling","floor":37,"gold_loss":0},{"damage_healed":0,"gold_gain":0,"player_choice":"Memory 1","damage_taken":0,"max_hp_gain":0,"max_hp_loss":0,"event_name":"SensoryStone","floor":38,"gold_loss":0},{"damage_healed":66,"gold_gain":0,"player_choice":"Heal","damage_taken":0,"max_hp_gain":0,"max_hp_loss":9,"event_name":"The Moai Head","floor":39,"gold_loss":0},{"damage_healed":0,"gold_gain":0,"player_choice":"Upgrade","damage_taken":0,"relics_obtained":["Mark of the Bloom"],"max_hp_gain":0,"max_hp_loss":0,"event_name":"MindBloom","floor":42,"gold_loss":0,"cards_upgraded":["Strike_B","Defend_B","Defend_B","Defend_B","Defend_B","Dualcast","Ball Lightning","Steam","Glacier","Coolheaded","Electrodynamics","Defragment","Secret Technique"]}],"is_beta":true,"boss_relics":[{"not_picked":["Snecko Eye","Sozu","Runic Dome"]},{"not_picked":["Velvet Choker","Philosopher\u0027s Stone"],"picked":"Runic Pyramid"}],"items_purged_floors":[31],"is_endless":false,"potions_floor_spawned":[1,3,4,13,18,24,25,35,45],"ascension_level":10}