{"gold_per_floor":[117,117,137,137,155,155,189,38,65,109,35,35,51,51,51,153,153,183,19,19,44,72,72,120,120,120,120],"floor_reached":27,"playtime":898,"items_purged":[],"score":394,"play_id":"41547eab-004f-44a0-b222-901d47267625","local_time":"20200110220254","is_ascension_mode":true,"campfire_choices":[{"data":"Zap","floor":6.0,"key":"SMITH"},{"floor":15.0,"key":"REST"},{"floor":23.0,"key":"REST"}],"neow_cost":"NONE","seed_source_timestamp":163914218855986,"circlet_count":0,"master_deck":["AscendersBane","Strike_B","Strike_B","Defend_B","Defend_B","Defend_B","Defend_B","Zap+1","Dualcast","Scrape","White Noise","Gash","Redo","Force Field","Storm","Go for the Eyes","All For One","Beam Cell","FTL","Steam","Defragment","Turbo","Go for the Eyes","Beam Cell"],"special_seed":0,"relics":["Cracked Core","Golden Idol","Bag of Marbles","Lee\u0027s Waffle","Regal Pillow","Bird Faced Urn","CeramicFish","Black Star","Mummified Hand","Ancient Tea Set","Toy Ornithopter"],"potions_floor_usage":[],"damage_taken":[{"damage":1.0,"enemies":"Cultist","floor":1.0,"turns":3.0},{"damage":1.0,"enemies":"2 Louse","floor":3.0,"turns":2.0},{"damage":4.0,"enemies":"Jaw Worm","floor":5.0,"turns":4.0},{"damage":37.0,"enemies":"Lagavulin","floor":7.0,"turns":8.0},{"damage":50.0,"enemies":"3 Sentries","floor":10.0,"turns":9.0},{"damage":0.0,"enemies":"Large Slime","floor":13.0,"turns":5.0},{"damage":46.0,"enemies":"Slime Boss","floor":16.0,"turns":9.0},{"damage":12.0,"enemies":"3 Byrds","floor":18.0,"turns":4.0},{"damage":3.0,"enemies":"Chosen","floor":21.0,"turns":4.0},{"damage":22.0,"enemies":"Centurion and Healer","floor":22.0,"turns":8.0},{"damage":27.0,"enemies":"Slavers","floor":24.0,"turns":4.0},{"damage":59,"enemies":"Masked Bandits","floor":27,"turns":3}],"seed_played":"-1777185614523084219","potions_obtained":[{"floor":3.0,"key":"DuplicationPotion"},{"floor":16.0,"key":"BlessingOfTheForge"},{"floor":21.0,"key":"Swift Potion"},{"floor":22.0,"key":"SteroidPotion"}],"is_trial":false,"path_per_floor":["M","$","M","?","M","R","E","$","T","E","$","?","M","?","R","B",null,"M","$","?","M","M","R","E","?","T","?"],"character_chosen":"DEFECT","items_purchased":["Lee\u0027s Waffle","Storm","FTL","Steam","Defragment"],"campfire_rested":2,"item_purchase_floors":[8,11,19,19,19],"current_hp_per_floor":[67,67,66,66,62,62,25,76,76,26,26,19,23,23,60,20,62,54,54,54,55,39,76,51,51,51,0],"gold":120,"neow_bonus":"REMOVE_CARD","is_prod":false,"is_daily":false,"chose_seed":false,"campfire_upgraded":1,"win_rate":0,"timestamp":1578675774,"path_taken":["M","?","M","?","M","R","E","?","T","E","$","?","M","?","R","BOSS","M","$","?","M","M","R","E","?","T","?"],"build_version":"2019-10-30","purchased_purges":0,"victory":false,"max_hp_per_floor":[75,75,75,69,69,69,69,76,76,76,76,76,76,76,76,76,76,76,76,76,76,76,76,76,76,76,76],"card_choices":[{"not_picked":["Compile Driver","Reinforced Body"],"picked":"Scrape","floor":1.0},{"not_picked":["Leap","Streamline"],"picked":"White Noise","floor":3.0},{"not_picked":["Scrape","Streamline"],"picked":"Gash","floor":5.0},{"not_picked":["Coolheaded","Conserve Battery"],"picked":"Redo","floor":7.0},{"not_picked":["Chaos","Turbo"],"picked":"Force Field","floor":10.0},{"not_picked":["Ball Lightning","Stack"],"picked":"Go for the Eyes","floor":13.0},{"not_picked":["Amplify","Machine Learning"],"picked":"All For One","floor":16.0},{"not_picked":["Chill","Loop"],"picked":"Beam Cell","floor":18.0},{"not_picked":["Sunder","Steam"],"picked":"Turbo","floor":21.0},{"not_picked":["Defragment","Barrage"],"picked":"Go for the Eyes","floor":22.0},{"not_picked":["Melter+1","Hologram"],"picked":"Beam Cell","floor":24.0}],"player_experience":223453,"relics_obtained":[{"floor":7.0,"key":"Bag of Marbles"},{"floor":9.0,"key":"Regal Pillow"},{"floor":10.0,"key":"Bird Faced Urn"},{"floor":24.0,"key":"Mummified Hand"},{"floor":24.0,"key":"Ancient Tea Set"},{"floor":26,"key":"Toy Ornithopter"}],"event_choices":[{"damage_healed":0.0,"max_hp_gain":0.0,"max_hp_loss":6.0,"gold_gain":0.0,"event_name":"Golden Idol","player_choice":"Lose Max HP","floor":4.0,"gold_loss":0.0,"damage_taken":0.0,"relics_obtained":["Golden Idol"]},{"cards_removed":["Strike_B"],"damage_healed":0.0,"max_hp_gain":0.0,"max_hp_loss":0.0,"gold_gain":0.0,"event_name":"Golden Wing","player_choice":"Card Removal","floor":12.0,"gold_loss":0.0,"damage_taken":7.0},{"damage_healed":0.0,"max_hp_gain":0.0,"max_hp_loss":0.0,"gold_gain":0.0,"event_name":"Dead Adventurer","player_choice":"Searched \u00271\u0027 times","floor":14.0,"gold_loss":0.0,"damage_taken":0.0,"relics_obtained":["CeramicFish"]},{"damage_healed":0.0,"max_hp_gain":0.0,"max_hp_loss":0.0,"gold_gain":0.0,"event_name":"Vampires","player_choice":"Ignored","floor":20.0,"gold_loss":0.0,"damage_taken":0.0},{"damage_healed":0,"gold_gain":0,"player_choice":"Ignored","damage_taken":0,"max_hp_gain":0,"max_hp_loss":0,"event_name":"Cursed Tome","floor":25,"gold_loss":0},{"damage_healed":0,"gold_gain":0,"player_choice":"Fought Bandits","damage_taken":0,"max_hp_gain":0,"max_hp_loss":0,"event_name":"Masked Bandits","floor":27,"gold_loss":0}],"is_beta":true,"boss_relics":[{"not_picked":["Fusion Hammer","Runic Pyramid"],"picked":"Black Star"}],"items_purged_floors":[],"is_endless":false,"potions_floor_spawned":[3,16,21,22],"killed_by":"Masked Bandits","ascension_level":13}