{"gold_per_floor":[12,12,87,87,9,9,9,9,9,22,46,61,84,34,34,163,163,176,28,28],"floor_reached":20,"playtime":663,"items_purged":[],"score":259,"play_id":"5464b82b-18cc-4258-883d-37c1e37bbd1c","local_time":"20200107155354","is_ascension_mode":true,"campfire_choices":[{"floor":6,"key":"REST"},{"data":"Reinforced Body","floor":15,"key":"SMITH"}],"neow_cost":"NO_GOLD","seed_source_timestamp":1712653832493082,"circlet_count":0,"master_deck":["AscendersBane","Strike_B","Defend_B+1","Defend_B","Defend_B","Zap","Dualcast+1","Steam","BootSequence","Force Field","Turbo","Echo Form","Reinforced Body+1","Thunder Strike","Skim"],"relics":["Cracked Core","Golden Idol","Ice Cream","SacredBark","Membership Card"],"potions_floor_usage":[16,16],"damage_taken":[{"damage":0,"enemies":"Small Slimes","floor":1,"turns":4},{"damage":0,"enemies":"2 Louse","floor":10,"turns":3},{"damage":0,"enemies":"Cultist","floor":11,"turns":5},{"damage":0,"enemies":"3 Louse","floor":12,"turns":5},{"damage":3,"enemies":"Blue Slaver","floor":13,"turns":5},{"damage":26,"enemies":"The Guardian","floor":16,"turns":12},{"damage":20,"enemies":"Shell Parasite","floor":18,"turns":9},{"damage":41,"enemies":"Chosen","floor":20,"turns":6}],"seed_played":"8276065538260895576","potions_obtained":[{"floor":1,"key":"EssenceOfDarkness"},{"floor":12,"key":"AttackPotion"},{"floor":16,"key":"AttackPotion"}],"is_trial":false,"path_per_floor":["M","?","?","?","$","R","?","$","T","M","M","M","M","?","R","B",null,"M","$","M"],"character_chosen":"DEFECT","items_purchased":["BootSequence","Membership Card"],"campfire_rested":1,"item_purchase_floors":[5,19],"current_hp_per_floor":[68,50,39,24,24,46,46,46,46,46,46,46,43,43,43,17,61,41,41,0],"gold":28,"neow_bonus":"REMOVE_TWO","is_prod":false,"is_daily":false,"chose_seed":false,"campfire_upgraded":1,"win_rate":0,"timestamp":1578394434,"path_taken":["M","?","?","?","$","R","?","$","T","M","?","M","M","?","R","BOSS","M","$","M"],"build_version":"2019-10-30","purchased_purges":0,"victory":false,"max_hp_per_floor":[75,75,75,75,75,75,75,75,75,75,75,75,75,75,75,75,75,75,75,75],"card_choices":[{"not_picked":["Fusion","Hologram"],"picked":"Steam","floor":1},{"not_picked":["Reinforced Body","Coolheaded"],"picked":"Turbo","floor":10},{"not_picked":["Scrape","Static Discharge"],"picked":"Echo Form","floor":11},{"not_picked":["Go for the Eyes","Hologram","Barrage"],"picked":"SKIP","floor":12},{"not_picked":["Gash","Aggregate"],"picked":"Reinforced Body","floor":13},{"not_picked":["Rainbow","Fission"],"picked":"Thunder Strike","floor":16},{"not_picked":["Gash","Streamline"],"picked":"Skim","floor":18}],"player_experience":209763,"relics_obtained":[{"floor":9,"key":"Ice Cream"}],"event_choices":[{"damage_healed":0,"gold_gain":0,"player_choice":"Take Damage","damage_taken":18,"relics_obtained":["Golden Idol"],"max_hp_gain":0,"max_hp_loss":0,"event_name":"Golden Idol","floor":2,"gold_loss":0},{"damage_healed":0,"gold_gain":75,"player_choice":"Gather Gold","damage_taken":11,"max_hp_gain":0,"max_hp_loss":0,"event_name":"World of Goop","floor":3,"gold_loss":0},{"damage_healed":0,"gold_gain":0,"player_choice":"Entered Light","damage_taken":15,"max_hp_gain":0,"max_hp_loss":0,"event_name":"Shining Light","floor":4,"gold_loss":0,"cards_upgraded":["Defend_B","Dualcast"]},{"damage_healed":0,"gold_gain":0,"cards_transformed":["Strike_B"],"player_choice":"Transformed","damage_taken":0,"max_hp_gain":0,"max_hp_loss":0,"event_name":"Transmorgrifier","floor":7,"gold_loss":0,"cards_obtained":["Force Field"]},{"cards_removed":["Defend_B"],"damage_healed":0,"gold_gain":0,"player_choice":"Card Removal","damage_taken":0,"max_hp_gain":0,"max_hp_loss":0,"event_name":"The Cleric","floor":14,"gold_loss":50}],"is_beta":true,"boss_relics":[{"not_picked":["Coffee Dripper","Philosopher\u0027s Stone"],"picked":"SacredBark"}],"items_purged_floors":[],"is_endless":false,"potions_floor_spawned":[1,12,16],"killed_by":"Chosen","ascension_level":12}