{"gold_per_floor":[119,119,119,136,136,161,175,100,100,100],"floor_reached":10,"playtime":269,"items_purged":["Strike_B"],"score":106,"play_id":"5188fa9e-2573-4cff-8eb0-a19967283877","local_time":"20200108223521","is_ascension_mode":true,"campfire_choices":[],"neow_cost":"NONE","seed_source_timestamp":1823523387624959,"circlet_count":0,"master_deck":["AscendersBane","Strike_B","Strike_B","Strike_B","Defend_B","Defend_B","Defend_B","Defend_B","Zap+1","Dualcast","Coolheaded+1","Self Repair","Barrage","White Noise"],"special_seed":0,"relics":["Cracked Core","Akabeko","Cables","Lantern","StoneCalendar"],"potions_floor_usage":[],"damage_taken":[{"damage":1.0,"enemies":"Cultist","floor":1.0,"turns":4.0},{"damage":2.0,"enemies":"Jaw Worm","floor":4.0,"turns":2.0},{"damage":37.0,"enemies":"3 Sentries","floor":6.0,"turns":7.0},{"damage":10.0,"enemies":"Small Slimes","floor":7.0,"turns":2.0},{"damage":41,"enemies":"Gremlin Nob","floor":10,"turns":3}],"seed_played":"275916326276858586","potions_obtained":[{"floor":7,"key":"Energy Potion"}],"is_trial":false,"path_per_floor":["M","T","?","M","?","E","M","$","T","E"],"character_chosen":"DEFECT","items_purchased":[],"campfire_rested":0,"item_purchase_floors":[],"current_hp_per_floor":[67,67,67,65,65,35,32,32,32,0],"gold":100,"neow_bonus":"RANDOM_COMMON_RELIC","is_prod":false,"is_daily":false,"chose_seed":false,"campfire_upgraded":0,"win_rate":0,"timestamp":1578504921,"path_taken":["M","?","?","?","?","E","M","?","T","E"],"build_version":"2019-10-30","purchased_purges":1,"victory":false,"max_hp_per_floor":[75,75,75,75,75,75,75,75,75,75],"card_choices":[{"not_picked":["Conserve Battery","Steam"],"picked":"Coolheaded","floor":1.0},{"not_picked":["Go for the Eyes","Hologram"],"picked":"Self Repair","floor":4.0},{"not_picked":["Go for the Eyes","Static Discharge"],"picked":"Barrage","floor":6.0},{"not_picked":["Lockon","Double Energy"],"picked":"White Noise","floor":7}],"player_experience":212417,"relics_obtained":[{"floor":2.0,"key":"Cables"},{"floor":6.0,"key":"Lantern"},{"floor":9,"key":"StoneCalendar"}],"event_choices":[{"damage_healed":0.0,"max_hp_gain":0.0,"max_hp_loss":0.0,"gold_gain":0.0,"event_name":"Accursed Blacksmith","player_choice":"Forge","floor":3.0,"gold_loss":0.0,"damage_taken":0.0,"cards_upgraded":["Coolheaded"]},{"damage_healed":0.0,"max_hp_gain":0.0,"max_hp_loss":0.0,"gold_gain":0.0,"event_name":"Upgrade Shrine","player_choice":"Upgraded","floor":5.0,"gold_loss":0.0,"damage_taken":0.0,"cards_upgraded":["Zap"]}],"is_beta":true,"boss_relics":[],"items_purged_floors":[8],"is_endless":false,"potions_floor_spawned":[7],"killed_by":"Gremlin Nob","ascension_level":12}