{"gold_per_floor":[119,194,49,49,63,90,90,104,129,304,304,322,322,334,334,431,481,469,488,127,142,58,87,87,287,287,316,316,331,331,241,241,344,344,344],"floor_reached":35,"playtime":1178,"items_purged":["Strike_B"],"score":669,"play_id":"ce213db9-5ca4-4a63-b734-a7d54cfa02ae","local_time":"20200109121008","is_ascension_mode":true,"campfire_choices":[{"data":"Darkness","floor":7.0,"key":"SMITH"},{"data":"Fission","floor":11.0,"key":"SMITH"},{"data":"Dualcast","floor":15.0,"key":"SMITH"},{"floor":24.0,"key":"REST"},{"floor":28,"key":"REST"},{"floor":32,"key":"REST"}],"neow_cost":"NONE","seed_source_timestamp":41597744750592,"circlet_count":0,"master_deck":["AscendersBane","Strike_B","Strike_B+1","Defend_B","Defend_B","Defend_B","Defend_B","Zap","Dualcast+1","BootSequence","BootSequence","Self Repair","Darkness+1","Fission+1","Doubt","Stack+1","Seek+1","Rebound","Redo","Skim","Redo","Auto Shields","Glacier","Panacea+1","Steam","Turbo","Multi-Cast"],"special_seed":0,"relics":["Cracked Core","NeowsBlessing","DollysMirror","Bag of Preparation","PreservedInsect","Tiny House","War Paint","Centennial Puzzle","Kunai","Sundial","Cursed Key"],"potions_floor_usage":[33],"damage_taken":[{"damage":0.0,"enemies":"Jaw Worm","floor":1.0,"turns":1.0},{"damage":0.0,"enemies":"2 Louse","floor":5.0,"turns":1.0},{"damage":0.0,"enemies":"Lagavulin","floor":6.0,"turns":1.0},{"damage":6.0,"enemies":"Cultist","floor":8.0,"turns":4.0},{"damage":0.0,"enemies":"Blue Slaver","floor":12.0,"turns":3.0},{"damage":0.0,"enemies":"3 Louse","floor":14.0,"turns":3.0},{"damage":68.0,"enemies":"Hexaghost","floor":16.0,"turns":12.0},{"damage":6.0,"enemies":"2 Thieves","floor":18.0,"turns":4.0},{"damage":32.0,"enemies":"Chosen","floor":19.0,"turns":6.0},{"damage":0.0,"enemies":"Snake Plant","floor":21.0,"turns":3.0},{"damage":35.0,"enemies":"Slavers","floor":23.0,"turns":8.0},{"damage":18,"enemies":"Gremlin Leader","floor":27,"turns":5},{"damage":27,"enemies":"Centurion and Healer","floor":29,"turns":9},{"damage":59,"enemies":"Champ","floor":33,"turns":13},{"damage":0,"enemies":"3 Darklings","floor":35,"turns":2}],"seed_played":"-1215057615497350076","potions_obtained":[{"floor":1.0,"key":"LiquidMemories"},{"floor":5.0,"key":"FairyPotion"},{"floor":17.0,"key":"FearPotion"},{"floor":19.0,"key":"GamblersBrew"},{"floor":29,"key":"DuplicationPotion"},{"floor":33,"key":"Energy Potion"}],"is_trial":false,"path_per_floor":["M","?","$","?","M","E","R","M","T","?","R","M","?","M","R","B",null,"M","M","$","M","$","E","R","?","T","E","R","M","?","?","R","B",null,"M"],"character_chosen":"DEFECT","items_purchased":["DollysMirror","Redo","War Paint","Auto Shields","Panacea"],"campfire_rested":3,"item_purchase_floors":[3,20,20,20,22],"current_hp_per_floor":[68,57,57,57,57,57,57,58,58,58,58,65,70,77,77,16,69,70,45,45,45,45,17,42,42,42,31,56,36,36,36,61,9,66,66],"gold":344,"neow_bonus":"THREE_ENEMY_KILL","is_prod":false,"is_daily":false,"chose_seed":false,"campfire_upgraded":3,"win_rate":0,"timestamp":1578553808,"path_taken":["M","?","$","?","M","E","R","M","T","?","R","M","?","M","R","BOSS","M","M","$","M","$","E","R","?","T","E","R","?","?","?","R","BOSS","M"],"build_version":"2019-10-30","purchased_purges":1,"victory":false,"max_hp_per_floor":[75,75,75,75,75,75,75,75,75,75,75,75,80,80,80,80,85,85,85,85,85,85,85,85,85,85,85,85,85,85,85,85,85,85,85],"card_choices":[{"not_picked":["Barrage","Sunder"],"picked":"BootSequence","floor":1.0},{"not_picked":["Compile Driver","Auto Shields"],"picked":"Self Repair","floor":5.0},{"not_picked":["Hologram","Self Repair"],"picked":"Darkness","floor":6.0},{"not_picked":["Static Discharge","Hologram"],"picked":"Fission","floor":8.0},{"not_picked":["Stack","Beam Cell","Sweeping Beam"],"picked":"SKIP","floor":12.0},{"not_picked":["Stack","Beam Cell","Sweeping Beam"],"picked":"SKIP","floor":12.0},{"not_picked":["Beam Cell","Sweeping Beam"],"picked":"Stack","floor":12.0},{"not_picked":["Compile Driver","Barrage","Cold Snap"],"picked":"SKIP","floor":14.0},{"not_picked":["Biased Cognition","Thunder Strike"],"picked":"Seek","floor":16.0},{"not_picked":["Cold Snap","Force Field"],"picked":"Rebound","floor":17.0},{"not_picked":["Turbo","Undo"],"picked":"Redo","floor":18.0},{"not_picked":["Gash","Scrape"],"picked":"Skim","floor":19.0},{"not_picked":["Capacitor","Static Discharge"],"picked":"Glacier","floor":21.0},{"not_picked":["Compile Driver","Defragment"],"picked":"Steam","floor":23.0},{"not_picked":["Machine Learning","Self Repair","Heatsinks"],"picked":"SKIP","floor":27},{"not_picked":["Doom and Gloom","Redo+1"],"picked":"Turbo","floor":29},{"not_picked":["Seek","Creative AI"],"picked":"Multi-Cast","floor":33}],"player_experience":213281,"relics_obtained":[{"floor":6.0,"key":"Bag of Preparation"},{"floor":9.0,"key":"PreservedInsect"},{"floor":23.0,"key":"Centennial Puzzle"},{"floor":26.0,"key":"Kunai"},{"floor":27,"key":"Sundial"}],"event_choices":[{"damage_healed":0.0,"max_hp_gain":0.0,"max_hp_loss":0.0,"gold_gain":75.0,"event_name":"World of Goop","player_choice":"Gather Gold","floor":2.0,"gold_loss":0.0,"damage_taken":11.0},{"damage_healed":0.0,"max_hp_gain":0.0,"max_hp_loss":0.0,"gold_gain":0.0,"event_name":"The Cleric","player_choice":"Leave","floor":4.0,"gold_loss":0.0,"damage_taken":0.0},{"damage_healed":0.0,"max_hp_gain":0.0,"max_hp_loss":0.0,"gold_gain":175.0,"event_name":"Liars Game","player_choice":"AGREE","floor":10.0,"gold_loss":0.0,"damage_taken":0.0,"cards_obtained":["Doubt"]},{"damage_healed":0.0,"max_hp_gain":5.0,"max_hp_loss":0.0,"gold_gain":0.0,"event_name":"Big Fish","player_choice":"Donut","floor":13.0,"gold_loss":0.0,"damage_taken":0.0},{"damage_healed":0.0,"max_hp_gain":0.0,"max_hp_loss":0.0,"gold_gain":200.0,"event_name":"Wheel of Change","player_choice":"Gold","floor":25.0,"gold_loss":0.0,"damage_taken":0.0},{"damage_healed":0,"gold_gain":0,"player_choice":"Ignored","damage_taken":0,"max_hp_gain":0,"max_hp_loss":0,"event_name":"Ghosts","floor":30,"gold_loss":0},{"cards_removed":["Strike_B"],"damage_healed":0,"gold_gain":0,"player_choice":"Upgrade and Remove","damage_taken":0,"max_hp_gain":0,"max_hp_loss":0,"event_name":"Designer","floor":31,"gold_loss":90,"cards_upgraded":["Panacea"]}],"is_beta":true,"boss_relics":[{"not_picked":["Runic Dome","SacredBark"],"picked":"Tiny House"},{"not_picked":["Fusion Hammer","SlaversCollar"],"picked":"Cursed Key"}],"items_purged_floors":[20],"is_endless":false,"potions_floor_spawned":[1,5,12,19,21,29,33],"killed_by":"3 Darklings","ascension_level":12}