{"gold_per_floor":[118,118,118,43,43,43,78,78,103,136,156,156,175,187,187,286,286,268,280,280,280,280],"floor_reached":22,"playtime":665,"items_purged":["Strike_B"],"score":387,"play_id":"bed5152f-7c48-444c-977d-3306417972e2","local_time":"20200104120009","is_ascension_mode":true,"campfire_choices":[{"data":"Glacier","floor":6.0,"key":"SMITH"},{"data":"Coolheaded","floor":8.0,"key":"SMITH"},{"data":"Blizzard","floor":12.0,"key":"SMITH"},{"data":"Turbo","floor":15.0,"key":"SMITH"}],"neow_cost":"NONE","seed_source_timestamp":1439277361775932,"circlet_count":0,"master_deck":["AscendersBane","Strike_B+1","Strike_B","Defend_B","Defend_B+1","Defend_B","Defend_B","Zap","Dualcast","Glacier+1","Coolheaded+1","Blizzard+1","Turbo+1","Reboot"],"special_seed":0,"relics":["FrozenCore","NeowsBlessing","Bag of Preparation","DataDisk","Happy Flower"],"potions_floor_usage":[22],"damage_taken":[{"damage":0.0,"enemies":"Small Slimes","floor":1.0,"turns":1.0},{"damage":0.0,"enemies":"Gremlin Nob","floor":7.0,"turns":1.0},{"damage":0.0,"enemies":"Lagavulin","floor":10.0,"turns":2.0},{"damage":0.0,"enemies":"2 Louse","floor":11.0,"turns":3.0},{"damage":1.0,"enemies":"Jaw Worm","floor":13.0,"turns":4.0},{"damage":2.0,"enemies":"Exordium Wildlife","floor":14.0,"turns":4.0},{"damage":19.0,"enemies":"Slime Boss","floor":16.0,"turns":12.0},{"damage":0.0,"enemies":"2 Thieves","floor":18.0,"turns":5.0},{"damage":0.0,"enemies":"3 Byrds","floor":19.0,"turns":5.0},{"damage":62,"enemies":"Cultist and Chosen","floor":22,"turns":8}],"seed_played":"-7782888663519999694","potions_obtained":[{"floor":7.0,"key":"SteroidPotion"},{"floor":13.0,"key":"Strength Potion"},{"floor":19.0,"key":"GamblersBrew"}],"is_trial":false,"path_per_floor":["M","?","?","$","?","R","E","R","T","E","M","R","M","M","R","B",null,"M","M","?","?","M"],"character_chosen":"DEFECT","items_purchased":[],"campfire_rested":0,"item_purchase_floors":[],"current_hp_per_floor":[68,61,46,46,46,46,46,46,46,46,46,46,45,43,43,24,62,62,62,48,48,0],"gold":280,"neow_bonus":"THREE_ENEMY_KILL","is_prod":false,"is_daily":false,"chose_seed":false,"campfire_upgraded":4,"win_rate":0,"timestamp":1578121209,"path_taken":["M","?","?","$","?","R","E","R","T","E","M","R","M","M","R","BOSS","M","M","?","?","M"],"build_version":"2019-10-30","purchased_purges":1,"victory":false,"max_hp_per_floor":[75,75,75,75,75,75,75,75,75,75,75,75,75,75,75,75,75,75,75,80,80,80],"card_choices":[{"not_picked":["Hologram","Melter"],"picked":"Glacier","floor":1.0},{"not_picked":["Compile Driver","Barrage"],"picked":"Coolheaded","floor":7.0},{"not_picked":["Lockon","Gash","Storm"],"picked":"SKIP","floor":10.0},{"not_picked":["Self Repair","Stack"],"picked":"Blizzard","floor":11.0},{"not_picked":["Skim","Streamline"],"picked":"Turbo","floor":13.0},{"not_picked":["Steam","Conserve Battery","Auto Shields"],"picked":"SKIP","floor":14.0},{"not_picked":["Rainbow","Buffer"],"picked":"Reboot","floor":16.0},{"not_picked":["Rebound","Coolheaded","Sweeping Beam"],"picked":"SKIP","floor":18.0},{"not_picked":["Conserve Battery","Aggregate","Force Field"],"picked":"SKIP","floor":19.0}],"player_experience":202944,"relics_obtained":[{"floor":7.0,"key":"Bag of Preparation"},{"floor":9.0,"key":"DataDisk"},{"floor":10.0,"key":"Happy Flower"}],"event_choices":[{"cards_removed":["Strike_B"],"damage_healed":0.0,"max_hp_gain":0.0,"max_hp_loss":0.0,"gold_gain":0.0,"event_name":"Golden Wing","player_choice":"Card Removal","floor":2.0,"gold_loss":0.0,"damage_taken":7.0},{"damage_healed":0.0,"max_hp_gain":0.0,"max_hp_loss":0.0,"gold_gain":0.0,"event_name":"Shining Light","player_choice":"Entered Light","floor":3.0,"gold_loss":0.0,"damage_taken":15.0,"cards_upgraded":["Defend_B","Strike_B"]},{"damage_healed":0.0,"max_hp_gain":0.0,"max_hp_loss":0.0,"gold_gain":0.0,"event_name":"The Cleric","player_choice":"Leave","floor":5.0,"gold_loss":0.0,"damage_taken":0.0},{"damage_healed":0.0,"max_hp_gain":5.0,"max_hp_loss":0.0,"gold_gain":0.0,"event_name":"Forgotten Altar","player_choice":"Shed Blood","floor":20.0,"gold_loss":0.0,"damage_taken":19.0},{"damage_healed":0.0,"max_hp_gain":0.0,"max_hp_loss":0.0,"gold_gain":0.0,"event_name":"Vampires","player_choice":"Ignored","floor":21.0,"gold_loss":0.0,"damage_taken":0.0}],"is_beta":true,"boss_relics":[{"not_picked":["Runic Pyramid","Tiny House"],"picked":"FrozenCore"}],"items_purged_floors":[4],"is_endless":false,"potions_floor_spawned":[7,13,19],"killed_by":"Cultist and Chosen","ascension_level":12}