{"gold_per_floor":[113,35,35,105,119,148,148,176,176,188,188,151,326,326,326,326],"floor_reached":16,"playtime":316,"items_purged":[],"score":210,"play_id":"cee21a2b-8981-4a87-99d0-022d7de049a0","local_time":"20200105211309","is_ascension_mode":true,"campfire_choices":[{"data":"Sunder","floor":7.0,"key":"SMITH"},{"data":"Self Repair","floor":11,"key":"SMITH"},{"data":"Coolheaded","floor":15,"key":"SMITH"}],"neow_cost":"NONE","seed_source_timestamp":1559329942168740,"circlet_count":0,"master_deck":["AscendersBane","Strike_B","Strike_B","Strike_B","Strike_B","Defend_B","Defend_B+1","Defend_B","Defend_B","Zap","Dualcast","Sunder+1","Self Repair+1","Coolheaded+1","Coolheaded","Double Energy+1","Doubt"],"special_seed":0,"relics":["Cracked Core","NeowsBlessing","InkBottle","Boot","Dead Branch","Pocketwatch"],"potions_floor_usage":[16,16],"damage_taken":[{"damage":0.0,"enemies":"Jaw Worm","floor":1.0,"turns":1.0},{"damage":0.0,"enemies":"Cultist","floor":5.0,"turns":1.0},{"damage":0.0,"enemies":"3 Sentries","floor":6.0,"turns":1.0},{"damage":32,"enemies":"Gremlin Nob","floor":8,"turns":4},{"damage":0,"enemies":"2 Louse","floor":10,"turns":1},{"damage":30,"enemies":"Hexaghost","floor":16,"turns":10}],"seed_played":"-1315992943357733686","potions_obtained":[{"floor":1.0,"key":"GamblersBrew"},{"floor":10,"key":"SkillPotion"}],"is_trial":false,"path_per_floor":["M","$","?","T","M","E","R","E","T","M","R","$","?","?","R","B"],"character_chosen":"DEFECT","items_purchased":["Self Repair","Double Energy"],"campfire_rested":0,"item_purchase_floors":[2,12],"current_hp_per_floor":[68,68,68,68,68,68,68,43,43,43,43,43,43,28,28,0],"gold":326,"neow_bonus":"THREE_ENEMY_KILL","is_prod":false,"is_daily":false,"chose_seed":false,"campfire_upgraded":3,"win_rate":0,"timestamp":1578240789,"path_taken":["M","$","?","?","M","E","R","E","T","?","R","?","?","?","R","BOSS"],"build_version":"2019-10-30","purchased_purges":0,"victory":false,"max_hp_per_floor":[75,75,75,75,75,75,75,75,75,75,75,75,75,75,75,75],"card_choices":[{"not_picked":["Go for the Eyes","Stack"],"picked":"Sunder","floor":1.0},{"not_picked":["Compile Driver","Leap","Fusion"],"picked":"SKIP","floor":5.0},{"not_picked":["Leap","Streamline","Auto Shields"],"picked":"SKIP","floor":6.0},{"not_picked":["Doom and Gloom","Force Field"],"picked":"Coolheaded","floor":8},{"not_picked":["Redo","Stack"],"picked":"Coolheaded","floor":10}],"player_experience":205968,"relics_obtained":[{"floor":4.0,"key":"InkBottle"},{"floor":6.0,"key":"Boot"},{"floor":8,"key":"Dead Branch"},{"floor":9,"key":"Pocketwatch"}],"event_choices":[{"damage_healed":0.0,"max_hp_gain":0.0,"max_hp_loss":0.0,"gold_gain":0.0,"event_name":"The Cleric","player_choice":"Leave","floor":3.0,"gold_loss":0.0,"damage_taken":0.0},{"damage_healed":0,"gold_gain":175,"player_choice":"AGREE","damage_taken":0,"max_hp_gain":0,"max_hp_loss":0,"event_name":"Liars Game","floor":13,"gold_loss":0,"cards_obtained":["Doubt"]},{"damage_healed":0,"gold_gain":0,"player_choice":"Entered Light","damage_taken":15,"max_hp_gain":0,"max_hp_loss":0,"event_name":"Shining Light","floor":14,"gold_loss":0,"cards_upgraded":["Defend_B","Double Energy"]}],"is_beta":true,"boss_relics":[],"items_purged_floors":[],"is_endless":false,"potions_floor_spawned":[1,10],"killed_by":"Hexaghost","ascension_level":12}