{"gold_per_floor":[113,113,113,127,127,158,172,172,198,232,250,250,279,229,229,302,302,312,312,312,331,331,331,364,387,412,412],"floor_reached":27,"playtime":909,"items_purged":[],"score":420,"play_id":"095db48e-413d-4014-b914-03758f24bf05","local_time":"20200204172936","is_ascension_mode":true,"campfire_choices":[{"floor":8.0,"key":"REST"},{"floor":12.0,"key":"REST"},{"data":"Mayhem","floor":15.0,"key":"SMITH"},{"floor":23,"key":"REST"}],"neow_cost":"PERCENT_DAMAGE","seed_source_timestamp":28372753958900,"circlet_count":0,"master_deck":["AscendersBane","Strike_B","Strike_B","Strike_B","Strike_B+1","Defend_B","Defend_B+1","Defend_B+1","Zap","Dualcast","Mayhem+1","Coolheaded","Capacitor","Meteor Strike","Creative AI","Ball Lightning+1"],"special_seed":0,"relics":["FrozenCore","War Paint","Akabeko","Toy Ornithopter","Pear","Enchiridion","Potion Belt","Whetstone","Dream Catcher","Bag of Marbles"],"potions_floor_usage":[24],"damage_taken":[{"damage":4.0,"enemies":"Small Slimes","floor":1.0,"turns":3.0},{"damage":4.0,"enemies":"2 Louse","floor":4.0,"turns":3.0},{"damage":38.0,"enemies":"Lagavulin","floor":6.0,"turns":9.0},{"damage":0.0,"enemies":"Cultist","floor":7.0,"turns":4.0},{"damage":32.0,"enemies":"Gremlin Nob","floor":10.0,"turns":5.0},{"damage":2.0,"enemies":"Red Slaver","floor":11.0,"turns":4.0},{"damage":10.0,"enemies":"3 Sentries","floor":13.0,"turns":6.0},{"damage":28.0,"enemies":"The Guardian","floor":16.0,"turns":14.0},{"damage":10.0,"enemies":"Chosen","floor":18.0,"turns":8.0},{"damage":16,"enemies":"Spheric Guardian","floor":21,"turns":5},{"damage":44,"enemies":"Slavers","floor":24,"turns":7},{"damage":14,"enemies":"3 Cultists","floor":27,"turns":3}],"seed_played":"-7001404469421163803","potions_obtained":[{"floor":6.0,"key":"Swift Potion"},{"floor":7.0,"key":"Strength Potion"},{"floor":10.0,"key":"EntropicBrew"},{"floor":21,"key":"FocusPotion"}],"is_trial":false,"path_per_floor":["M","?","?","M","$","E","M","R","T","E","M","R","E","?","R","B",null,"M","?","?","M","?","R","E","T","T","M"],"character_chosen":"DEFECT","items_purchased":[],"campfire_rested":3,"item_purchase_floors":[],"current_hp_per_floor":[42,65,65,61,61,23,23,44,44,12,10,31,46,46,46,23,67,57,41,41,25,25,49,10,10,10,0],"gold":412,"neow_bonus":"RANDOM_COLORLESS_2","is_prod":false,"is_daily":false,"chose_seed":false,"campfire_upgraded":1,"win_rate":0,"timestamp":1580819376,"path_taken":["M","?","?","?","?","E","M","R","T","E","?","R","E","?","R","BOSS","M","?","?","?","?","R","E","?","T","M"],"build_version":"2020-01-14","purchased_purges":0,"victory":false,"max_hp_per_floor":[71,71,71,71,71,71,71,71,71,71,71,71,81,81,81,81,81,81,81,81,81,81,81,81,81,81,81],"card_choices":[{"not_picked":["The Bomb","Apotheosis"],"picked":"Mayhem","floor":0.0},{"not_picked":["Hologram","Storm"],"picked":"Coolheaded","floor":1.0},{"not_picked":["Redo","Recycle","Genetic Algorithm"],"picked":"SKIP","floor":4.0},{"not_picked":["Rip and Tear","Turbo","Redo"],"picked":"SKIP","floor":6.0},{"not_picked":["Darkness","Compile Driver","Leap"],"picked":"SKIP","floor":7.0},{"not_picked":["Stack","All For One","Static Discharge"],"picked":"SKIP","floor":10.0},{"not_picked":["Rebound","Barrage"],"picked":"Capacitor","floor":11.0},{"not_picked":["Hello World","Loop","Recycle"],"picked":"SKIP","floor":13.0},{"not_picked":["All For One","Hyperbeam"],"picked":"Meteor Strike","floor":16.0},{"not_picked":["Coolheaded+1","Aggregate+1","Rebound"],"picked":"SKIP","floor":18.0},{"not_picked":["Genetic Algorithm","Fusion"],"picked":"Ball Lightning","floor":21},{"not_picked":["Hologram","Redo","Double Energy"],"picked":"SKIP","floor":24}],"player_experience":254850,"relics_obtained":[{"floor":6.0,"key":"War Paint"},{"floor":9.0,"key":"Akabeko"},{"floor":10.0,"key":"Toy Ornithopter"},{"floor":13.0,"key":"Pear"},{"floor":19.0,"key":"Enchiridion"},{"floor":24,"key":"Whetstone"},{"floor":25,"key":"Dream Catcher"},{"floor":26,"key":"Bag of Marbles"}],"event_choices":[{"damage_healed":23.0,"max_hp_gain":0.0,"max_hp_loss":0.0,"gold_gain":0.0,"event_name":"Big Fish","player_choice":"Banana","floor":2.0,"gold_loss":0.0,"damage_taken":0.0},{"damage_healed":0.0,"max_hp_gain":0.0,"max_hp_loss":0.0,"gold_gain":0.0,"event_name":"The Woman in Blue","player_choice":"Bought 0 Potions","floor":3.0,"gold_loss":0.0,"damage_taken":0.0},{"cards_removed":["Defend_B"],"damage_healed":0.0,"max_hp_gain":0.0,"max_hp_loss":0.0,"gold_gain":0.0,"event_name":"The Cleric","player_choice":"Card Removal","floor":14.0,"gold_loss":50.0,"damage_taken":0.0},{"damage_healed":0.0,"max_hp_gain":0.0,"max_hp_loss":0.0,"gold_gain":0.0,"event_name":"Cursed Tome","player_choice":"Obtained Book","floor":19.0,"gold_loss":0.0,"damage_taken":16.0},{"damage_healed":0,"gold_gain":0,"player_choice":"1 cards matched","damage_taken":0,"max_hp_gain":0,"max_hp_loss":0,"event_name":"Match and Keep!","floor":20,"gold_loss":0,"cards_obtained":["Creative AI"]},{"damage_healed":0,"gold_gain":0,"player_choice":"Opened","damage_taken":0,"relics_obtained":["Potion Belt"],"max_hp_gain":0,"max_hp_loss":0,"event_name":"The Mausoleum","floor":22,"gold_loss":0}],"is_beta":false,"boss_relics":[{"not_picked":["Runic Pyramid","SacredBark"],"picked":"FrozenCore"}],"items_purged_floors":[],"is_endless":false,"potions_floor_spawned":[6,7,10,11,21],"killed_by":"3 Cultists","ascension_level":14}