{"gold_per_floor":[15,30,30,30,49,49,49,77,100,119,138,138,154,7,7,86,86,101,111,121,36,54,54],"floor_reached":23,"playtime":752,"items_purged":[],"score":332,"play_id":"31fa2a55-080c-47b5-9010-b37af7d28940","local_time":"20200210124942","is_ascension_mode":true,"campfire_choices":[{"data":"Biased Cognition","floor":6,"key":"SMITH"},{"data":"Biased Cognition","floor":12,"key":"SMITH"},{"data":"Barrage","floor":15,"key":"SMITH"}],"neow_cost":"NO_GOLD","seed_source_timestamp":5321096540000,"circlet_count":0,"master_deck":["AscendersBane","Zap","Dualcast","Biased Cognition+1","Cold Snap","Barrage+1","Ball Lightning","Biased Cognition+1","Biased Cognition","Blizzard","Glacier","White Noise","Seek","Steam","Redo","Recycle"],"relics":["Cracked Core","Anchor","Omamori","Art of War","DataDisk","Pandora\u0027s Box","The Courier"],"potions_floor_usage":[16],"damage_taken":[{"damage":10,"enemies":"Small Slimes","floor":1,"turns":3},{"damage":5,"enemies":"2 Louse","floor":2,"turns":2},{"damage":2,"enemies":"Jaw Worm","floor":5,"turns":4},{"damage":19,"enemies":"Lagavulin","floor":8,"turns":4},{"damage":8,"enemies":"Large Slime","floor":10,"turns":5},{"damage":17,"enemies":"Lots of Slimes","floor":11,"turns":3},{"damage":0,"enemies":"Exordium Thugs","floor":13,"turns":3},{"damage":7,"enemies":"Hexaghost","floor":16,"turns":7},{"damage":0,"enemies":"Chosen","floor":18,"turns":3},{"damage":0,"enemies":"Spheric Guardian","floor":19,"turns":3},{"damage":6,"enemies":"3 Cultists","floor":20,"turns":4},{"damage":0,"enemies":"Centurion and Healer","floor":22,"turns":5},{"damage":56,"enemies":"Gremlin Leader","floor":23,"turns":6}],"seed_played":"5090618354706283017","potions_obtained":[{"floor":2,"key":"Ancient Potion"},{"floor":5,"key":"Energy Potion"},{"floor":11,"key":"Regen Potion"},{"floor":16,"key":"GamblersBrew"}],"is_trial":false,"path_per_floor":["M","M","?","?","M","R","?","E","T","M","M","R","M","$","R","B",null,"M","M","M","?","M","E"],"character_chosen":"DEFECT","items_purchased":["DataDisk"],"campfire_rested":0,"item_purchase_floors":[14],"current_hp_per_floor":[54,49,49,71,69,69,69,50,50,42,25,25,25,25,25,33,62,62,62,56,56,56,0],"gold":54,"neow_bonus":"THREE_RARE_CARDS","is_prod":false,"is_daily":false,"chose_seed":false,"campfire_upgraded":3,"win_rate":0,"timestamp":1581320982,"path_taken":["M","M","?","?","?","R","?","E","T","?","M","R","M","?","R","BOSS","M","M","?","?","M","E"],"build_version":"2020-01-14","purchased_purges":0,"victory":false,"max_hp_per_floor":[71,71,71,71,71,71,71,71,71,71,71,71,71,71,71,71,71,71,71,71,71,71,71],"card_choices":[{"not_picked":["Seek","Creative AI"],"picked":"Biased Cognition","floor":0},{"not_picked":["Streamline","Redo"],"picked":"Cold Snap","floor":1},{"not_picked":["Chaos","Sunder","Turbo"],"picked":"SKIP","floor":2},{"not_picked":["Steam Power","Hello World"],"picked":"Barrage","floor":5},{"not_picked":["Steam","Undo","Turbo"],"picked":"SKIP","floor":8},{"not_picked":["Compile Driver","Go for the Eyes"],"picked":"Ball Lightning","floor":10},{"not_picked":["Beam Cell","Defragment"],"picked":"Biased Cognition","floor":11},{"not_picked":["Go for the Eyes","Streamline","Hologram"],"picked":"SKIP","floor":13},{"not_picked":["Multi-Cast","All For One"],"picked":"Biased Cognition","floor":16},{"not_picked":["Go for the Eyes","Steam Power","Rebound+1"],"picked":"SKIP","floor":18},{"not_picked":["Beam Cell","Go for the Eyes","Gash"],"picked":"SKIP","floor":19},{"not_picked":["Beam Cell","Go for the Eyes","Gash"],"picked":"SKIP","floor":19},{"not_picked":["Ball Lightning","Steam","Machine Learning"],"picked":"SKIP","floor":20},{"not_picked":["Conserve Battery","Go for the Eyes","Rip and Tear"],"picked":"SKIP","floor":22}],"player_experience":267648,"relics_obtained":[{"floor":7,"key":"Anchor"},{"floor":8,"key":"Omamori"},{"floor":9,"key":"Art of War"}],"event_choices":[{"cards_removed":["Strike_B"],"damage_healed":0,"gold_gain":0,"player_choice":"Forget","damage_taken":0,"max_hp_gain":0,"max_hp_loss":0,"event_name":"Living Wall","floor":3,"gold_loss":0},{"damage_healed":23,"gold_gain":0,"player_choice":"Banana","damage_taken":0,"max_hp_gain":0,"max_hp_loss":0,"event_name":"Big Fish","floor":4,"gold_loss":0},{"damage_healed":0,"gold_gain":0,"player_choice":"Relic","damage_taken":0,"max_hp_gain":0,"max_hp_loss":0,"event_name":"Wheel of Change","floor":7,"gold_loss":0},{"damage_healed":0,"gold_gain":0,"player_choice":"Obtained Relic","damage_taken":0,"relics_obtained":["The Courier"],"max_hp_gain":0,"max_hp_loss":0,"event_name":"Addict","floor":21,"gold_loss":85}],"is_beta":false,"boss_relics":[{"not_picked":["Fusion Hammer","SacredBark"],"picked":"Pandora\u0027s Box"}],"items_purged_floors":[],"is_endless":false,"potions_floor_spawned":[2,5,8,11,16,18],"killed_by":"Gremlin Leader","ascension_level":14}