{"gold_per_floor":[118,133,143,161,171,171,185,185,208,208,225,225,251,270,270,343,343,363,363,383,298,99,99],"floor_reached":23,"playtime":662,"items_purged":["Strike_B"],"score":366,"play_id":"803e816a-e34b-4c95-a371-7d604ba6f094","local_time":"20200216221336","is_ascension_mode":true,"campfire_choices":[{"data":"Coolheaded","floor":6.0,"key":"SMITH"},{"data":"Zap","floor":10.0,"key":"SMITH"},{"data":"Dualcast","floor":12.0,"key":"SMITH"},{"floor":15.0,"key":"REST"}],"neow_cost":"NONE","seed_source_timestamp":12945039284100,"circlet_count":0,"master_deck":["AscendersBane","Strike_B","Strike_B","Strike_B","Defend_B","Defend_B","Defend_B","Defend_B","Zap+1","Dualcast+1","Scrape","Gash","Coolheaded+1","Gash","Gash","Steam","Fission","Sweeping Beam","Defragment","Gash"],"special_seed":0,"relics":["Cracked Core","Omamori","Ancient Tea Set","Nuclear Battery","MutagenicStrength","Dream Catcher"],"potions_floor_usage":[],"damage_taken":[{"damage":4.0,"enemies":"2 Louse","floor":1.0,"turns":2.0},{"damage":7.0,"enemies":"Jaw Worm","floor":2.0,"turns":3.0},{"damage":1.0,"enemies":"Cultist","floor":3.0,"turns":3.0},{"damage":7.0,"enemies":"Looter","floor":4.0,"turns":3.0},{"damage":0.0,"enemies":"2 Fungi Beasts","floor":5.0,"turns":4.0},{"damage":20.0,"enemies":"Lots of Slimes","floor":7.0,"turns":3.0},{"damage":8.0,"enemies":"Exordium Wildlife","floor":11.0,"turns":4.0},{"damage":39.0,"enemies":"Gremlin Nob","floor":13.0,"turns":4.0},{"damage":5.0,"enemies":"Blue Slaver","floor":14.0,"turns":4.0},{"damage":26.0,"enemies":"Slime Boss","floor":16.0,"turns":7.0},{"damage":11.0,"enemies":"3 Byrds","floor":18.0,"turns":7.0},{"damage":41,"enemies":"2 Thieves","floor":20,"turns":4},{"damage":12,"enemies":"Shelled Parasite and Fungi","floor":23,"turns":2}],"seed_played":"-7359051252483769226","potions_obtained":[{"floor":3.0,"key":"FocusPotion"},{"floor":4.0,"key":"BlessingOfTheForge"},{"floor":11.0,"key":"DuplicationPotion"},{"floor":16.0,"key":"Ancient Potion"}],"is_trial":false,"path_per_floor":["M","M","M","M","M","R","M","?","T","R","M","R","E","M","R","B",null,"M","?","M","?","$","M"],"character_chosen":"DEFECT","items_purchased":["Defragment","Gash"],"campfire_rested":1,"item_purchase_floors":[22,22],"current_hp_per_floor":[67,60,59,52,52,52,32,58,58,58,50,50,11,6,29,3,59,48,48,7,7,7,0],"gold":99,"neow_bonus":"TEN_PERCENT_HP_BONUS","is_prod":false,"is_daily":false,"chose_seed":false,"campfire_upgraded":3,"win_rate":0,"timestamp":1581873216,"path_taken":["M","M","M","M","M","R","M","?","T","R","M","R","E","M","R","BOSS","M","?","M","?","?","M"],"build_version":"2020-01-14","purchased_purges":1,"victory":false,"max_hp_per_floor":[78,78,78,78,78,78,78,78,78,78,78,78,78,78,78,78,78,78,78,78,78,78,78],"card_choices":[{"not_picked":["Compile Driver","Sunder","Fusion"],"picked":"SKIP","floor":1.0},{"not_picked":["Conserve Battery","Turbo"],"picked":"Scrape","floor":2.0},{"not_picked":["Sweeping Beam","Cold Snap"],"picked":"Gash","floor":3.0},{"not_picked":["Double Energy","Loop"],"picked":"Coolheaded","floor":4.0},{"not_picked":["Rebound","Darkness","Heatsinks"],"picked":"SKIP","floor":5.0},{"not_picked":["Sweeping Beam","Undo"],"picked":"Gash","floor":7.0},{"not_picked":["Chaos","Amplify","Hologram"],"picked":"SKIP","floor":11.0},{"not_picked":["Ball Lightning","Turbo"],"picked":"Gash","floor":13.0},{"not_picked":["Loop","Heatsinks"],"picked":"Steam","floor":14.0},{"not_picked":["Multi-Cast","Machine Learning"],"picked":"Fission","floor":16.0},{"not_picked":["Undo","Streamline","Blizzard"],"picked":"SKIP","floor":18.0},{"not_picked":["Compile Driver","Ball Lightning"],"picked":"Sweeping Beam","floor":20}],"player_experience":287676,"relics_obtained":[{"floor":9.0,"key":"Omamori"},{"floor":13.0,"key":"Ancient Tea Set"}],"event_choices":[{"damage_healed":26.0,"max_hp_gain":0.0,"max_hp_loss":0.0,"gold_gain":0.0,"event_name":"Big Fish","player_choice":"Banana","floor":8.0,"gold_loss":0.0,"damage_taken":0.0},{"damage_healed":0,"gold_gain":0,"player_choice":"Inject Mutagens","damage_taken":0,"relics_obtained":["MutagenicStrength"],"max_hp_gain":0,"max_hp_loss":0,"event_name":"Drug Dealer","floor":19,"gold_loss":0},{"damage_healed":0,"gold_gain":0,"player_choice":"Obtained Relic","damage_taken":0,"relics_obtained":["Dream Catcher"],"max_hp_gain":0,"max_hp_loss":0,"event_name":"Addict","floor":21,"gold_loss":85}],"is_beta":false,"boss_relics":[{"not_picked":["Runic Dome","Coffee Dripper"],"picked":"Nuclear Battery"}],"items_purged_floors":[22],"is_endless":false,"potions_floor_spawned":[3,4,11,16],"killed_by":"Shelled Parasite and Fungi","ascension_level":15}