{"gold_per_floor":[367,542,566,29,39,73,92,120,120,120,120],"floor_reached":11,"playtime":425,"items_purged":["Doubt"],"score":138,"play_id":"f891fa13-5b4d-45cf-828e-90d6eaba8bc7","local_time":"20200215175748","is_ascension_mode":true,"campfire_choices":[],"neow_cost":"TEN_PERCENT_HP_LOSS","seed_source_timestamp":10363559944200,"circlet_count":0,"master_deck":["AscendersBane","Strike_B","Strike_B","Strike_B","Strike_B","Defend_B","Defend_B","Defend_B","Defend_B","Zap","Dualcast","Coolheaded","Cold Snap","Sweeping Beam","Seek","Creative AI","Gash"],"relics":["Cracked Core","Strawberry","Question Card","Anchor","MealTicket","Tiny Chest","PreservedInsect","Torii"],"potions_floor_usage":[8],"damage_taken":[{"damage":2,"enemies":"Jaw Worm","floor":1,"turns":3},{"damage":0,"enemies":"Cultist","floor":5,"turns":3},{"damage":38,"enemies":"Lagavulin","floor":6,"turns":9},{"damage":0,"enemies":"2 Louse","floor":7,"turns":2},{"damage":20,"enemies":"Gremlin Nob","floor":8,"turns":6},{"damage":15,"enemies":"Exordium Wildlife","floor":11,"turns":6}],"seed_played":"-2907868566736717716","potions_obtained":[{"floor":1,"key":"Dexterity Potion"},{"floor":6,"key":"EssenceOfSteel"}],"is_trial":false,"path_per_floor":["M","?","T","$","M","E","M","E","T","?","M"],"character_chosen":"DEFECT","items_purchased":["Coolheaded","Question Card","Anchor","Cold Snap"],"campfire_rested":0,"item_purchase_floors":[4,4,4,4],"current_hp_per_floor":[62,62,69,69,69,31,31,11,11,11,0],"gold":120,"neow_bonus":"TWO_FIFTY_GOLD","is_prod":false,"is_daily":false,"chose_seed":false,"campfire_upgraded":0,"win_rate":0,"timestamp":1581771468,"path_taken":["M","?","?","$","M","E","?","E","T","?","?"],"build_version":"2020-01-14","purchased_purges":1,"victory":false,"max_hp_per_floor":[64,64,71,71,71,71,71,71,71,71,71],"card_choices":[{"not_picked":["Steam Power","Rip and Tear"],"picked":"Cold Snap","floor":1},{"not_picked":["Rip and Tear","Sweeping Beam","Go for the Eyes","Rebound"],"picked":"SKIP","floor":5},{"not_picked":["Rip and Tear","Go for the Eyes","Rebound"],"picked":"Sweeping Beam","floor":5},{"not_picked":["Conserve Battery","Rebound","Steam"],"picked":"Seek","floor":6},{"not_picked":["Barrage","Go for the Eyes","Melter"],"picked":"Creative AI","floor":7},{"not_picked":["Hologram","Lockon","Skim"],"picked":"Gash","floor":8}],"player_experience":278398,"relics_obtained":[{"floor":3,"key":"Strawberry"},{"floor":6,"key":"MealTicket"},{"floor":8,"key":"Tiny Chest"},{"floor":9,"key":"PreservedInsect"}],"event_choices":[{"damage_healed":0,"gold_gain":175,"player_choice":"AGREE","damage_taken":0,"max_hp_gain":0,"max_hp_loss":0,"event_name":"Liars Game","floor":2,"gold_loss":0,"cards_obtained":["Doubt"]},{"cards_removed":["Cold Snap"],"damage_healed":0,"gold_gain":0,"player_choice":"Gave Card","damage_taken":0,"relics_obtained":["Torii"],"max_hp_gain":0,"max_hp_loss":0,"event_name":"WeMeetAgain","floor":10,"gold_loss":0}],"is_beta":false,"boss_relics":[],"items_purged_floors":[4],"is_endless":false,"potions_floor_spawned":[1,6],"killed_by":"Exordium Wildlife","ascension_level":14}