{"gold_per_floor":[110,110,33,47,9,9,35,53,53,53,53],"floor_reached":11,"playtime":169,"items_purged":[],"score":163,"play_id":"c0bae6cb-0ebf-4337-ad4b-9ab427e7ef63","local_time":"20200210212402","is_ascension_mode":true,"campfire_choices":[{"data":"Double Energy","floor":6,"key":"SMITH"},{"data":"Capacitor","floor":10,"key":"SMITH"}],"neow_cost":"NONE","seed_source_timestamp":36765843329600,"circlet_count":0,"master_deck":["AscendersBane","Strike_B","Strike_B","Strike_B","Strike_B","Defend_B","Defend_B","Defend_B","Defend_B","Zap","Dualcast","Double Energy+1","Capacitor+1","Cold Snap","Tempest","Self Repair","Coolheaded"],"relics":["Cracked Core","NeowsBlessing","Regal Pillow","Happy Flower","Darkstone Periapt"],"potions_floor_usage":[],"damage_taken":[{"damage":0,"enemies":"Jaw Worm","floor":1,"turns":1},{"damage":0,"enemies":"Cultist","floor":4,"turns":1},{"damage":0,"enemies":"3 Sentries","floor":7,"turns":1},{"damage":0,"enemies":"2 Louse","floor":8,"turns":3},{"damage":61,"enemies":"Gremlin Nob","floor":11,"turns":4}],"seed_played":"-804064486105332358","potions_obtained":[{"floor":1,"key":"PotionOfCapacity"},{"floor":8,"key":"LiquidBronze"}],"is_trial":false,"path_per_floor":["M","?","$","M","$","R","E","M","T","R","E"],"character_chosen":"DEFECT","items_purchased":["Capacitor","Tempest"],"campfire_rested":0,"item_purchase_floors":[3,5],"current_hp_per_floor":[64,39,39,39,39,39,39,46,46,46,0],"gold":53,"neow_bonus":"THREE_ENEMY_KILL","is_prod":false,"is_daily":false,"chose_seed":false,"campfire_upgraded":2,"win_rate":0,"timestamp":1581351842,"path_taken":["M","?","?","M","$","R","E","M","T","R","E"],"build_version":"2020-01-14","purchased_purges":0,"victory":false,"max_hp_per_floor":[71,71,71,71,71,71,71,71,71,71,71],"card_choices":[{"not_picked":["Stack","Go for the Eyes"],"picked":"Double Energy","floor":1},{"not_picked":["Chill","White Noise"],"picked":"Cold Snap","floor":4},{"not_picked":["Rebound","Streamline"],"picked":"Self Repair","floor":7},{"not_picked":["Streamline","Redo"],"picked":"Coolheaded","floor":8}],"player_experience":268400,"relics_obtained":[{"floor":7,"key":"Happy Flower"},{"floor":9,"key":"Darkstone Periapt"}],"event_choices":[{"damage_healed":0,"gold_gain":0,"player_choice":"Success","damage_taken":25,"relics_obtained":["Regal Pillow"],"max_hp_gain":0,"max_hp_loss":0,"event_name":"Scrap Ooze","floor":2,"gold_loss":0}],"is_beta":false,"boss_relics":[],"items_purged_floors":[],"is_endless":false,"potions_floor_spawned":[1,8],"killed_by":"Gremlin Nob","ascension_level":14}