{"gold_per_floor":[112,112,135,135,158,158,205,205,232,262,241,281,281,314,314,314],"floor_reached":16,"playtime":483,"items_purged":[],"score":187,"play_id":"e13cd272-a9d5-4297-8bdc-04b58b9934a2","local_time":"20200214013815","is_ascension_mode":true,"campfire_choices":[{"data":"Ball Lightning","floor":6,"key":"SMITH"},{"floor":8,"key":"REST"},{"data":"Glacier","floor":13,"key":"SMITH"},{"floor":15,"key":"REST"}],"neow_cost":"NONE","seed_source_timestamp":46356871305400,"circlet_count":0,"master_deck":["AscendersBane","Strike_B","Strike_B","Strike_B","Strike_B","Defend_B","Defend_B+1","Defend_B","Defend_B","Zap","Dualcast","Ball Lightning+1","Coolheaded+1","Glacier+1","Glacier"],"relics":["Cracked Core","Golden Idol","Art of War","CeramicFish","War Paint","Darkstone Periapt"],"potions_floor_usage":[12],"damage_taken":[{"damage":3,"enemies":"Small Slimes","floor":1,"turns":3},{"damage":7,"enemies":"Jaw Worm","floor":3,"turns":3},{"damage":3,"enemies":"2 Louse","floor":5,"turns":3},{"damage":28,"enemies":"Gremlin Nob","floor":7,"turns":4},{"damage":1,"enemies":"Red Slaver","floor":10,"turns":4},{"damage":10,"enemies":"Lagavulin","floor":12,"turns":8},{"damage":1,"enemies":"2 Fungi Beasts","floor":14,"turns":4},{"damage":16,"enemies":"Hexaghost","floor":16,"turns":10}],"seed_played":"-6768421852441499994","potions_obtained":[{"floor":5,"key":"SteroidPotion"},{"floor":7,"key":"Fire Potion"},{"floor":12,"key":"Energy Potion"},{"floor":14,"key":"SpeedPotion"}],"is_trial":false,"path_per_floor":["M","?","M","?","M","R","E","R","T","M","?","E","R","M","R","B"],"character_chosen":"DEFECT","items_purchased":[],"campfire_rested":2,"item_purchase_floors":[],"current_hp_per_floor":[68,49,42,39,36,36,8,31,31,30,30,20,20,19,42,26],"gold":314,"neow_bonus":"TEN_PERCENT_HP_BONUS","is_prod":false,"is_daily":false,"chose_seed":false,"campfire_upgraded":2,"win_rate":0,"timestamp":1581626295,"path_taken":["M","?","M","?","M","R","E","R","T","M","?","E","R","M","R","BOSS"],"build_version":"2020-01-14","purchased_purges":0,"victory":false,"max_hp_per_floor":[78,78,78,78,78,78,78,78,78,78,78,78,78,78,78,78],"card_choices":[{"not_picked":["Recycle","Steam Power"],"picked":"Ball Lightning","floor":1},{"not_picked":["Beam Cell","Sweeping Beam","Hologram"],"picked":"SKIP","floor":3},{"not_picked":["Undo","Leap","Hello World"],"picked":"SKIP","floor":5},{"not_picked":["Rip and Tear","Loop"],"picked":"Coolheaded","floor":7},{"not_picked":["Redo","Stack"],"picked":"Glacier","floor":10},{"not_picked":["Recycle","Streamline","Buffer"],"picked":"SKIP","floor":12},{"not_picked":["Recycle","Gash"],"picked":"Glacier","floor":14}],"player_experience":270903,"relics_obtained":[{"floor":7,"key":"CeramicFish"},{"floor":9,"key":"War Paint"},{"floor":12,"key":"Darkstone Periapt"}],"event_choices":[{"damage_healed":0,"gold_gain":0,"player_choice":"Take Damage","damage_taken":19,"relics_obtained":["Golden Idol"],"max_hp_gain":0,"max_hp_loss":0,"event_name":"Golden Idol","floor":2,"gold_loss":0},{"damage_healed":0,"gold_gain":0,"player_choice":"Success","damage_taken":3,"relics_obtained":["Art of War"],"max_hp_gain":0,"max_hp_loss":0,"event_name":"Scrap Ooze","floor":4,"gold_loss":0},{"damage_healed":0,"gold_gain":0,"player_choice":"Left Gold","damage_taken":0,"max_hp_gain":0,"max_hp_loss":0,"event_name":"World of Goop","floor":11,"gold_loss":21}],"is_beta":false,"boss_relics":[],"items_purged_floors":[],"is_endless":false,"potions_floor_spawned":[5,7,12,14],"killed_by":"Hexaghost","ascension_level":14}