{"gold_per_floor":[113,123,136,136,154,154,174,174,201,276,276,123,123,134,134,212,212,228,238,238,238,251,251,277,277,357,377,287,299,299,312,312,388,388,402,413,109,109,19,50,66,66,66,84,96,112,132,132,132,132,132,132,61,94,94],"floor_reached":55,"playtime":2925,"items_purged":["Strike_B"],"score":1246,"play_id":"b0898c57-414c-4d21-950c-cf609e19a811","local_time":"20200215220308","is_ascension_mode":true,"campfire_choices":[{"data":"Blizzard","floor":6.0,"key":"SMITH"},{"data":"Coolheaded","floor":8.0,"key":"SMITH"},{"data":"Defragment","floor":13.0,"key":"SMITH"},{"floor":15.0,"key":"REST"},{"data":"Biased Cognition","floor":23.0,"key":"SMITH"},{"floor":25.0,"key":"REST"},{"data":"Coolheaded","floor":30,"key":"SMITH"},{"data":"Cold Snap","floor":32,"key":"SMITH"},{"floor":42,"key":"REST"},{"floor":49,"key":"RECALL"},{"data":"Blizzard","floor":52,"key":"SMITH"}],"neow_cost":"NONE","seed_source_timestamp":22511694417800,"circlet_count":0,"master_deck":["AscendersBane","Strike_B+1","Strike_B+1","Strike_B+1","Defend_B+1","Defend_B+1","Defend_B+1","Zap+1","Dualcast+1","Core Surge+1","Cold Snap+1","Loop+1","Blizzard+1","Coolheaded+1","Defragment+1","Coolheaded+1","Biased Cognition+1","Defragment+1","Self Repair","Cold Snap","BootSequence","Core Surge","Glacier","Defragment","Panacea","Blizzard+1","Defragment","Reboot","Defragment"],"special_seed":0,"relics":["FrozenCore","Orichalcum","Runic Pyramid","Red Mask","ClockworkSouvenir","Regal Pillow","Cables","Akabeko"],"potions_floor_usage":[55],"damage_taken":[{"damage":7.0,"enemies":"Jaw Worm","floor":1.0,"turns":3.0},{"damage":3.0,"enemies":"Small Slimes","floor":2.0,"turns":3.0},{"damage":0.0,"enemies":"Cultist","floor":3.0,"turns":2.0},{"damage":3.0,"enemies":"Large Slime","floor":5.0,"turns":5.0},{"damage":1.0,"enemies":"2 Fungi Beasts","floor":7.0,"turns":3.0},{"damage":4.0,"enemies":"Red Slaver","floor":14.0,"turns":2.0},{"damage":0.0,"enemies":"The Guardian","floor":16.0,"turns":10.0},{"damage":7.0,"enemies":"3 Byrds","floor":18.0,"turns":4.0},{"damage":3.0,"enemies":"Shell Parasite","floor":19.0,"turns":4.0},{"damage":0.0,"enemies":"Snecko","floor":22.0,"turns":10.0},{"damage":33.0,"enemies":"Masked Bandits","floor":24.0,"turns":5.0},{"damage":0.0,"enemies":"Sentry and Sphere","floor":27.0,"turns":5.0},{"damage":0,"enemies":"Cultist and Chosen","floor":29,"turns":6},{"damage":0,"enemies":"3 Cultists","floor":31,"turns":6},{"damage":8,"enemies":"Champ","floor":33,"turns":11},{"damage":0,"enemies":"Orb Walker","floor":35,"turns":5},{"damage":1,"enemies":"3 Darklings","floor":36,"turns":6},{"damage":0,"enemies":"Giant Head","floor":40,"turns":14},{"damage":33,"enemies":"Jaw Worm Horde","floor":41,"turns":6},{"damage":0,"enemies":"Writhing Mass","floor":44,"turns":8},{"damage":0,"enemies":"Spire Growth","floor":45,"turns":9},{"damage":0,"enemies":"Maw","floor":46,"turns":10},{"damage":4,"enemies":"Transient","floor":47,"turns":5},{"damage":4,"enemies":"Donu and Deca","floor":50,"turns":13},{"damage":43,"enemies":"Shield and Spear","floor":54,"turns":12},{"damage":46,"enemies":"The Heart","floor":55,"turns":14}],"seed_played":"7152009698180705914","potions_obtained":[{"floor":3.0,"key":"Weak Potion"},{"floor":5.0,"key":"AttackPotion"},{"floor":24.0,"key":"PowerPotion"},{"floor":27.0,"key":"SneckoOil"},{"floor":33,"key":"LiquidBronze"},{"floor":47,"key":"SmokeBomb"}],"is_trial":false,"path_per_floor":["M","M","M","?","M","R","M","R","T","?","?","$","R","M","R","B",null,"M","M","?","?","M","R","?","R","T","M","?","M","R","M","R","B",null,"M","M","$","?","$","E","M","R","T","M","M","M","M","$","R","B",null,"R","$","E","B"],"character_chosen":"DEFECT","items_purchased":["Defragment","Defragment","Panacea","ClockworkSouvenir","Blizzard","FocusPotion","Defragment"],"campfire_rested":3,"item_purchase_floors":[12,37,37,37,39,39,53],"current_hp_per_floor":[57,54,54,40,37,37,36,36,36,25,25,25,25,21,42,42,64,57,54,54,54,54,54,28,49,49,56,56,63,63,70,70,69,71,71,71,71,71,71,71,45,71,71,71,71,71,71,71,71,71,71,71,71,35,0],"gold":94,"neow_bonus":"ONE_RANDOM_RARE_CARD","is_prod":false,"is_daily":false,"chose_seed":false,"campfire_upgraded":7,"win_rate":0,"timestamp":1581786188,"path_taken":["M","M","M","?","M","R","M","R","T","?","?","$","R","M","R","BOSS","M","?","?","?","?","R","?","R","T","M","?","M","R","M","R","BOSS","M","M","$","?","$","E","M","R","T","?","M","M","M","?","R","BOSS","R","$","E","BOSS"],"build_version":"2020-01-14","purchased_purges":1,"victory":false,"max_hp_per_floor":[71,71,71,71,71,71,71,71,71,71,71,71,71,71,71,71,71,71,71,71,71,71,71,71,71,71,71,71,71,71,71,71,71,71,71,71,71,71,71,71,71,71,71,71,71,71,71,71,71,71,71,71,71,71,71],"card_choices":[{"not_picked":["Leap","FTL","Barrage"],"picked":"SKIP","floor":1.0},{"not_picked":["Ball Lightning","FTL"],"picked":"Cold Snap","floor":2.0},{"not_picked":["Stack","Rebound"],"picked":"Loop","floor":3.0},{"not_picked":["Rebound","Streamline"],"picked":"Blizzard","floor":5.0},{"not_picked":["Tempest","Ball Lightning"],"picked":"Coolheaded","floor":7.0},{"not_picked":["Ball Lightning","Sunder"],"picked":"Coolheaded","floor":14.0},{"not_picked":["Machine Learning","Reboot"],"picked":"Biased Cognition","floor":16.0},{"not_picked":["Gash","Reprogram","Beam Cell+1"],"picked":"SKIP","floor":18.0},{"not_picked":["Gash","Rebound","Coolheaded"],"picked":"SKIP","floor":19.0},{"not_picked":["Gash","Ball Lightning"],"picked":"Self Repair","floor":22.0},{"not_picked":["Rebound","Streamline"],"picked":"Cold Snap","floor":27.0},{"not_picked":["Undo+1","Rip and Tear"],"picked":"BootSequence","floor":29},{"not_picked":["Leap","Rip and Tear","Streamline"],"picked":"SKIP","floor":31},{"not_picked":["Electrodynamics","Multi-Cast"],"picked":"Core Surge","floor":33},{"not_picked":["Cold Snap","Streamline"],"picked":"Glacier","floor":35},{"not_picked":["Coolheaded","Undo","Force Field+1"],"picked":"SKIP","floor":36},{"not_picked":["Barrage+1","Thunder Strike"],"picked":"Defragment","floor":40},{"not_picked":["Gash+1","Reprogram+1","Coolheaded"],"picked":"SKIP","floor":41},{"not_picked":["Ball Lightning+1","Gash","Conserve Battery"],"picked":"SKIP","floor":44},{"not_picked":["Hologram","Reinforced Body","Gash"],"picked":"SKIP","floor":45},{"not_picked":["Rebound","Streamline"],"picked":"Reboot","floor":46},{"not_picked":["Coolheaded+1","Leap","Consume"],"picked":"SKIP","floor":47},{"not_picked":["Rebound","Leap","Reinforced Body"],"picked":"SKIP","floor":54}],"player_experience":281538,"relics_obtained":[{"floor":9.0,"key":"Orichalcum"},{"floor":24.0,"key":"Red Mask"},{"floor":40,"key":"Regal Pillow"},{"floor":43,"key":"Cables"},{"floor":54,"key":"Akabeko"}],"event_choices":[{"damage_healed":0.0,"max_hp_gain":0.0,"max_hp_loss":0.0,"gold_gain":0.0,"event_name":"Shining Light","player_choice":"Entered Light","floor":4.0,"gold_loss":0.0,"damage_taken":14.0,"cards_upgraded":["Zap","Loop"]},{"damage_healed":0.0,"max_hp_gain":0.0,"max_hp_loss":0.0,"gold_gain":75.0,"event_name":"World of Goop","player_choice":"Gather Gold","floor":10.0,"gold_loss":0.0,"damage_taken":11.0},{"damage_healed":0.0,"max_hp_gain":0.0,"max_hp_loss":0.0,"gold_gain":0.0,"event_name":"Upgrade Shrine","player_choice":"Upgraded","floor":11.0,"gold_loss":0.0,"damage_taken":0.0,"cards_upgraded":["Core Surge"]},{"damage_healed":0.0,"max_hp_gain":0.0,"max_hp_loss":0.0,"gold_gain":0.0,"event_name":"Back to Basics","player_choice":"Simplicity","floor":20.0,"gold_loss":0.0,"damage_taken":0.0,"cards_upgraded":["Strike_B","Strike_B","Strike_B","Defend_B","Defend_B","Defend_B","Defend_B"]},{"damage_healed":0.0,"max_hp_gain":0.0,"max_hp_loss":0.0,"gold_gain":0.0,"event_name":"Duplicator","player_choice":"Copied","floor":21.0,"gold_loss":0.0,"damage_taken":0.0,"cards_obtained":["Defragment"]},{"damage_healed":0.0,"max_hp_gain":0.0,"max_hp_loss":0.0,"gold_gain":0.0,"event_name":"Masked Bandits","player_choice":"Fought Bandits","floor":24.0,"gold_loss":0.0,"damage_taken":0.0},{"cards_removed":["Defend_B"],"damage_healed":0,"gold_gain":0,"player_choice":"Upgrade and Remove","damage_taken":0,"max_hp_gain":0,"max_hp_loss":0,"event_name":"Designer","floor":28,"gold_loss":90,"cards_upgraded":["Dualcast"]},{"damage_healed":0,"gold_gain":0,"player_choice":"Bought 0 Potions","damage_taken":0,"max_hp_gain":0,"max_hp_loss":0,"event_name":"The Woman in Blue","floor":38,"gold_loss":0}],"is_beta":false,"boss_relics":[{"not_picked":["Runic Dome","Calling Bell"],"picked":"Runic Pyramid"},{"not_picked":["SlaversCollar","Astrolabe"],"picked":"FrozenCore"}],"items_purged_floors":[12],"is_endless":false,"potions_floor_spawned":[3,5,24,27,33,40,41,44,45,47],"killed_by":"The Heart","ascension_level":14}