{"gold_per_floor":[111,261,336,336,349,378,378,388,388,388,123,135,135,152,152,152],"floor_reached":16,"playtime":314,"items_purged":["Regret"],"score":219,"play_id":"28fc277e-5873-48ea-823c-b1792da57da4","local_time":"20200226164658","is_ascension_mode":true,"campfire_choices":[{"data":"Zap","floor":7.0,"key":"SMITH"},{"data":"Dualcast","floor":10.0,"key":"SMITH"},{"data":"Reinforced Body","floor":15,"key":"SMITH"}],"neow_cost":"NONE","seed_source_timestamp":23183247633200,"circlet_count":0,"master_deck":["AscendersBane","Strike_B","Strike_B","Strike_B","Strike_B","Defend_B","Defend_B","Defend_B","Defend_B","Zap+1","Dualcast+1","Doubt","Cold Snap","Steam","Gash","Reinforced Body+1","Gash","Gash"],"special_seed":0,"relics":["Cracked Core","NeowsBlessing","Mummified Hand","Kunai","Gremlin Horn","Medical Kit"],"potions_floor_usage":[14],"damage_taken":[{"damage":0.0,"enemies":"Small Slimes","floor":1.0,"turns":1.0},{"damage":0.0,"enemies":"2 Louse","floor":5.0,"turns":1.0},{"damage":0.0,"enemies":"3 Sentries","floor":6.0,"turns":1.0},{"damage":7.0,"enemies":"Jaw Worm","floor":8.0,"turns":3.0},{"damage":0.0,"enemies":"Exordium Thugs","floor":12.0,"turns":6.0},{"damage":0,"enemies":"Looter","floor":14,"turns":2},{"damage":47,"enemies":"Slime Boss","floor":16,"turns":8}],"seed_played":"-3249787544499477037","potions_obtained":[{"floor":5.0,"key":"SkillPotion"},{"floor":8.0,"key":"SkillPotion"},{"floor":12.0,"key":"Explosive Potion"}],"is_trial":false,"path_per_floor":["M","?","?","?","M","E","R","M","T","R","$","M","?","M","R","B"],"character_chosen":"DEFECT","items_purchased":["Medical Kit","Reinforced Body"],"campfire_rested":0,"item_purchase_floors":[11,11],"current_hp_per_floor":[64,64,53,53,53,53,53,46,46,46,46,46,46,46,46,0],"gold":152,"neow_bonus":"THREE_ENEMY_KILL","is_prod":false,"is_daily":false,"chose_seed":false,"campfire_upgraded":3,"win_rate":0,"timestamp":1582717618,"path_taken":["M","?","?","?","?","E","R","M","T","R","?","M","?","?","R","BOSS"],"build_version":"2020-01-14","purchased_purges":1,"victory":false,"max_hp_per_floor":[71,71,71,71,71,71,71,71,71,71,71,71,71,71,71,71],"card_choices":[{"not_picked":["Conserve Battery","Compile Driver","Rip and Tear"],"picked":"SKIP","floor":1.0},{"not_picked":["Turbo","Leap"],"picked":"Cold Snap","floor":5.0},{"not_picked":["Meteor Strike","Tempest"],"picked":"Steam","floor":6.0},{"not_picked":["Beam Cell","Consume"],"picked":"Gash","floor":8.0},{"not_picked":["Stack","Defragment"],"picked":"Gash","floor":12.0},{"not_picked":["Beam Cell","Steam"],"picked":"Gash","floor":14}],"player_experience":312491,"relics_obtained":[{"floor":6.0,"key":"Kunai"},{"floor":9.0,"key":"Gremlin Horn"}],"event_choices":[{"damage_healed":0.0,"max_hp_gain":0.0,"max_hp_loss":0.0,"gold_gain":150.0,"event_name":"Liars Game","player_choice":"AGREE","floor":2.0,"gold_loss":0.0,"damage_taken":0.0,"cards_obtained":["Doubt"]},{"damage_healed":0.0,"max_hp_gain":0.0,"max_hp_loss":0.0,"gold_gain":75.0,"event_name":"World of Goop","player_choice":"Gather Gold","floor":3.0,"gold_loss":0.0,"damage_taken":11.0},{"damage_healed":0.0,"max_hp_gain":0.0,"max_hp_loss":0.0,"gold_gain":0.0,"event_name":"Big Fish","player_choice":"Box","floor":4.0,"gold_loss":0.0,"damage_taken":0.0,"relics_obtained":["Mummified Hand"],"cards_obtained":["Regret"]},{"damage_healed":0,"gold_gain":0,"player_choice":"Ignored","damage_taken":0,"max_hp_gain":0,"max_hp_loss":0,"event_name":"WeMeetAgain","floor":13,"gold_loss":0}],"is_beta":false,"boss_relics":[],"items_purged_floors":[11],"is_endless":false,"potions_floor_spawned":[5,8,12],"killed_by":"Slime Boss","ascension_level":15}