{"gold_per_floor":[363,174,186,198,123,148,148,160,183,183,183],"floor_reached":11,"playtime":346,"items_purged":[],"score":128,"play_id":"fb0d4006-e8e0-405a-a9f8-8716d0bad754","local_time":"20200218175856","is_ascension_mode":true,"campfire_choices":[{"data":"Self Repair","floor":7,"key":"SMITH"}],"neow_cost":"PERCENT_DAMAGE","seed_source_timestamp":25349241824800,"circlet_count":0,"master_deck":["AscendersBane","Strike_B","Strike_B","Strike_B","Defend_B","Defend_B","Defend_B","Defend_B","Zap","Dualcast","Chill","Self Repair+1","Capacitor","Ball Lightning","Chill"],"relics":["Cracked Core","Runic Capacitor","Orichalcum","Bag of Preparation"],"potions_floor_usage":[6],"damage_taken":[{"damage":1,"enemies":"Cultist","floor":1,"turns":4},{"damage":3,"enemies":"Small Slimes","floor":3,"turns":5},{"damage":0,"enemies":"2 Louse","floor":4,"turns":3},{"damage":37,"enemies":"Gremlin Nob","floor":6,"turns":5},{"damage":21,"enemies":"Lots of Slimes","floor":8,"turns":4},{"damage":17,"enemies":"Lagavulin","floor":11,"turns":5}],"seed_played":"6486949692003399248","potions_obtained":[{"floor":1,"key":"SkillPotion"},{"floor":6,"key":"SneckoOil"}],"is_trial":false,"path_per_floor":["M","$","M","M","?","E","R","M","T","?","E"],"character_chosen":"DEFECT","items_purchased":["Runic Capacitor","Self Repair"],"campfire_rested":0,"item_purchase_floors":[2,2],"current_hp_per_floor":[45,45,49,56,56,26,26,15,15,15,0],"gold":183,"neow_bonus":"TWO_FIFTY_GOLD","is_prod":false,"is_daily":false,"chose_seed":false,"campfire_upgraded":1,"win_rate":0,"timestamp":1582030736,"path_taken":["M","$","M","M","?","E","R","M","T","?","E"],"build_version":"2020-01-14","purchased_purges":0,"victory":false,"max_hp_per_floor":[71,71,71,71,71,71,71,71,71,71,71],"card_choices":[{"not_picked":["Leap","Force Field"],"picked":"Chill","floor":1},{"not_picked":["Hologram","Loop"],"picked":"Capacitor","floor":3},{"not_picked":["Stack","Leap"],"picked":"Ball Lightning","floor":4},{"not_picked":["Auto Shields","Melter"],"picked":"Chill","floor":6},{"not_picked":["Leap","Conserve Battery","Steam"],"picked":"SKIP","floor":8}],"player_experience":297270,"relics_obtained":[{"floor":6,"key":"Orichalcum"},{"floor":9,"key":"Bag of Preparation"}],"event_choices":[{"cards_removed":["Strike_B"],"damage_healed":0,"gold_gain":0,"player_choice":"Card Removal","damage_taken":0,"max_hp_gain":0,"max_hp_loss":0,"event_name":"The Cleric","floor":5,"gold_loss":75},{"damage_healed":0,"gold_gain":0,"player_choice":"Ignored","damage_taken":0,"max_hp_gain":0,"max_hp_loss":0,"event_name":"Shining Light","floor":10,"gold_loss":0}],"is_beta":false,"boss_relics":[],"items_purged_floors":[],"is_endless":false,"potions_floor_spawned":[1,6],"killed_by":"Lagavulin","ascension_level":15}