{"gold_per_floor":[118,193,343,36,53,81,6,6,6,6,6,16,42,42],"floor_reached":14,"playtime":231,"items_purged":["Doubt"],"score":212,"play_id":"c6ec74fd-ffee-4a28-95a3-d36190576345","local_time":"20200219211420","is_ascension_mode":true,"campfire_choices":[{"data":"Coolheaded","floor":8.0,"key":"SMITH"},{"data":"Capacitor","floor":10.0,"key":"SMITH"}],"neow_cost":"NONE","seed_source_timestamp":0,"circlet_count":0,"master_deck":["AscendersBane","Strike_B","Strike_B","Strike_B","Strike_B","Defend_B","Defend_B","Defend_B","Defend_B","Zap","Dualcast","Coolheaded+1","Capacitor+1","Fission","Tempest"],"special_seed":0,"relics":["Cracked Core","NeowsBlessing","Calipers","Eternal Feather","Du-Vu Doll","Pantograph"],"potions_floor_usage":[],"damage_taken":[{"damage":0.0,"enemies":"Small Slimes","floor":1.0,"turns":1.0},{"damage":0.0,"enemies":"Jaw Worm","floor":5.0,"turns":1.0},{"damage":0.0,"enemies":"Lagavulin","floor":6.0,"turns":1.0},{"damage":0.0,"enemies":"Cultist","floor":12.0,"turns":4.0},{"damage":41.0,"enemies":"3 Sentries","floor":13.0,"turns":10.0},{"damage":0,"enemies":"Exordium Thugs","floor":14,"turns":1}],"seed_played":"-25449325976829934","potions_obtained":[{"floor":12.0,"key":"Energy Potion"},{"floor":13.0,"key":"FocusPotion"}],"is_trial":false,"path_per_floor":["M","?","?","$","M","E","$","R","T","R","?","M","E","M"],"character_chosen":"DEFECT","items_purchased":["Calipers"],"campfire_rested":0,"item_purchase_floors":[4],"current_hp_per_floor":[64,53,53,53,53,53,53,59,59,65,65,65,24,24],"gold":42,"neow_bonus":"THREE_ENEMY_KILL","is_prod":false,"is_daily":false,"chose_seed":false,"campfire_upgraded":2,"win_rate":0,"timestamp":1582128860,"path_taken":["M","?","?","$","?","E","$","R","T","R","?","M","E","?"],"build_version":"2020-01-14","purchased_purges":1,"victory":false,"max_hp_per_floor":[71,71,71,71,71,71,71,71,71,71,71,71,71,71],"card_choices":[{"not_picked":["Sunder","Gash"],"picked":"Coolheaded","floor":1.0},{"not_picked":["Stack","Beam Cell","Leap"],"picked":"SKIP","floor":5.0},{"not_picked":["Storm","Turbo"],"picked":"Capacitor","floor":6.0},{"not_picked":["Hyperbeam","Stack","Beam Cell"],"picked":"SKIP","floor":12.0},{"not_picked":["Hologram","Genetic Algorithm","Doom and Gloom"],"picked":"SKIP","floor":13.0}],"player_experience":297616,"relics_obtained":[{"floor":6.0,"key":"Eternal Feather"},{"floor":9.0,"key":"Du-Vu Doll"},{"floor":13.0,"key":"Pantograph"}],"event_choices":[{"damage_healed":0.0,"max_hp_gain":0.0,"max_hp_loss":0.0,"gold_gain":75.0,"event_name":"World of Goop","player_choice":"Gather Gold","floor":2.0,"gold_loss":0.0,"damage_taken":11.0},{"damage_healed":0.0,"max_hp_gain":0.0,"max_hp_loss":0.0,"gold_gain":150.0,"event_name":"Liars Game","player_choice":"AGREE","floor":3.0,"gold_loss":0.0,"damage_taken":0.0,"cards_obtained":["Doubt"]},{"damage_healed":0.0,"max_hp_gain":0.0,"max_hp_loss":0.0,"gold_gain":0.0,"event_name":"Match and Keep!","player_choice":"2 cards matched","floor":11.0,"gold_loss":0.0,"damage_taken":0.0,"cards_obtained":["Fission","Tempest"]}],"is_beta":false,"boss_relics":[],"items_purged_floors":[7],"is_endless":false,"potions_floor_spawned":[12,13],"killed_by":"Exordium Thugs","ascension_level":15}