{"gold_per_floor":[119,139,150,164,164,164,184,184,184,184,207,207,230,251,251,346,346,370,233,258,258,67,67,90,5,31,31,47,47,47],"floor_reached":30,"playtime":1215,"items_purged":[],"score":392,"play_id":"e7c68caf-1e9a-47f4-816a-6fb3a4a23579","local_time":"20200304185105","is_ascension_mode":true,"campfire_choices":[{"floor":6,"key":"REST"},{"data":"Zap","floor":10,"key":"SMITH"},{"data":"Hologram","floor":12,"key":"SMITH"},{"floor":15,"key":"REST"},{"data":"Dualcast","floor":23,"key":"SMITH"},{"data":"Go for the Eyes","floor":27,"key":"SMITH"},{"data":"Defragment","floor":29,"key":"SMITH"}],"neow_cost":"PERCENT_DAMAGE","seed_source_timestamp":7644352892100,"circlet_count":0,"master_deck":["AscendersBane","Zap+1","Dualcast+1","FTL","Gash","Scrape","Coolheaded","Steam","Hologram+1","Reinforced Body","Machine Learning","Seek","Steam","FTL","Force Field","Scrape","BootSequence","Force Field","Coolheaded","Deep Breath","Glacier","Loop","White Noise","Flash of Steel","Go for the Eyes+1","Defragment+1"],"relics":["Cracked Core","Golden Idol","Regal Pillow","Pandora\u0027s Box","Ancient Tea Set","Nunchaku"],"potions_floor_usage":[16,24,30],"damage_taken":[{"damage":0,"enemies":"Small Slimes","floor":1,"turns":3},{"damage":2,"enemies":"Jaw Worm","floor":2,"turns":3},{"damage":3,"enemies":"2 Louse","floor":3,"turns":2},{"damage":23,"enemies":"Exordium Thugs","floor":4,"turns":3},{"damage":9,"enemies":"Red Slaver","floor":7,"turns":3},{"damage":0,"enemies":"Large Slime","floor":11,"turns":4},{"damage":11,"enemies":"Gremlin Gang","floor":13,"turns":5},{"damage":1,"enemies":"Blue Slaver","floor":14,"turns":3},{"damage":20,"enemies":"Hexaghost","floor":16,"turns":10},{"damage":10,"enemies":"2 Thieves","floor":18,"turns":3},{"damage":0,"enemies":"Chosen","floor":20,"turns":5},{"damage":0,"enemies":"Centurion and Healer","floor":24,"turns":6},{"damage":4,"enemies":"Snake Plant","floor":28,"turns":7},{"damage":45,"enemies":"Snecko","floor":30,"turns":13}],"seed_played":"-5353252870973578527","potions_obtained":[{"floor":2,"key":"ColorlessPotion"},{"floor":3,"key":"FocusPotion"},{"floor":11,"key":"FocusPotion"},{"floor":16,"key":"Swift Potion"},{"floor":24,"key":"EssenceOfSteel"},{"floor":28,"key":"DistilledChaos"}],"is_trial":false,"path_per_floor":["M","M","M","M","?","R","M","?","T","R","M","R","M","M","R","B",null,"M","$","M","?","$","R","M","?","T","R","M","R","M"],"character_chosen":"DEFECT","items_purchased":["Coolheaded","Deep Breath","Loop","White Noise","Flash of Steel"],"campfire_rested":2,"item_purchase_floors":[19,19,22,22,22],"current_hp_per_floor":[46,44,41,18,18,37,28,21,21,21,21,21,10,9,43,23,54,44,44,44,44,44,44,44,44,44,44,40,40,0],"gold":47,"neow_bonus":"REMOVE_TWO","is_prod":false,"is_daily":false,"chose_seed":false,"campfire_upgraded":5,"win_rate":0,"timestamp":1583329865,"path_taken":["M","M","M","M","?","R","M","?","T","R","M","R","M","M","R","BOSS","M","$","M","?","$","R","M","?","T","R","M","R","M"],"build_version":"2020-01-14","purchased_purges":0,"victory":false,"max_hp_per_floor":[71,71,71,71,64,64,64,64,64,64,64,64,64,64,64,64,64,64,64,64,64,64,64,64,64,64,64,64,64,64],"card_choices":[{"not_picked":["Beam Cell","Chaos"],"picked":"FTL","floor":1},{"not_picked":["Blizzard","Genetic Algorithm"],"picked":"Gash","floor":2},{"not_picked":["Recycle","Skim"],"picked":"Scrape","floor":3},{"not_picked":["Ball Lightning","Rebound"],"picked":"Coolheaded","floor":4},{"not_picked":["Double Energy","Compile Driver"],"picked":"Steam","floor":7},{"not_picked":["Cold Snap","Hologram","Blizzard"],"picked":"SKIP","floor":11},{"not_picked":["Cold Snap","Blizzard"],"picked":"Hologram","floor":11},{"not_picked":["Compile Driver","Conserve Battery"],"picked":"Reinforced Body","floor":13},{"not_picked":["Reprogram","Barrage"],"picked":"Machine Learning","floor":14},{"not_picked":["Machine Learning","Amplify"],"picked":"Seek","floor":16},{"not_picked":["Ball Lightning","Redo+1"],"picked":"Force Field","floor":18},{"not_picked":["Beam Cell","Sweeping Beam"],"picked":"Glacier","floor":20},{"not_picked":["Steam Power","Steam"],"picked":"Go for the Eyes","floor":24},{"not_picked":["Darkness+1","Rebound"],"picked":"Defragment","floor":28}],"player_experience":316066,"relics_obtained":[{"floor":9,"key":"Regal Pillow"},{"floor":26,"key":"Nunchaku"}],"event_choices":[{"damage_healed":0,"gold_gain":0,"player_choice":"Lose Max HP","damage_taken":0,"relics_obtained":["Golden Idol"],"max_hp_gain":0,"max_hp_loss":7,"event_name":"Golden Idol","floor":5,"gold_loss":0},{"cards_removed":["Strike_B"],"damage_healed":0,"gold_gain":0,"player_choice":"Card Removal","damage_taken":7,"max_hp_gain":0,"max_hp_loss":0,"event_name":"Golden Wing","floor":8,"gold_loss":0},{"damage_healed":0,"gold_gain":0,"player_choice":"Ignored","damage_taken":0,"max_hp_gain":0,"max_hp_loss":0,"event_name":"Vampires","floor":21,"gold_loss":0},{"damage_healed":0,"gold_gain":0,"player_choice":"Obtained Relic","damage_taken":0,"relics_obtained":["Ancient Tea Set"],"max_hp_gain":0,"max_hp_loss":0,"event_name":"Addict","floor":25,"gold_loss":85}],"is_beta":false,"boss_relics":[{"not_picked":["Philosopher\u0027s Stone","SlaversCollar"],"picked":"Pandora\u0027s Box"}],"items_purged_floors":[],"is_endless":false,"potions_floor_spawned":[2,3,7,11,16,24,28],"killed_by":"Snecko","ascension_level":15}