{"gold_per_floor":[14,27,27,42,192,192,192,212,212,236,311,336,3,3,3,96,96,116,140,120,120],"floor_reached":21,"playtime":536,"items_purged":[],"score":316,"play_id":"eb59e5ae-cc09-4263-bb3e-9756218059a1","local_time":"20200319230136","is_ascension_mode":true,"campfire_choices":[{"data":"Rip and Tear","floor":6.0,"key":"SMITH"},{"data":"Lockon","floor":15.0,"key":"SMITH"}],"neow_cost":"NO_GOLD","seed_source_timestamp":38004982910600,"circlet_count":0,"master_deck":["AscendersBane","Defend_B","Defend_B","Defend_B","Defend_B","Zap","Dualcast","Storm","Rip and Tear+1","Heatsinks","Turbo","Storm","Biased Cognition","Hello World","Coolheaded","Loop","Bandage Up","Steam","Lockon+1","Conserve Battery","Core Surge","Tempest"],"special_seed":0,"relics":["Cracked Core","Golden Idol","Bird Faced Urn","Empty Cage"],"potions_floor_usage":[],"damage_taken":[{"damage":2.0,"enemies":"Jaw Worm","floor":1.0,"turns":2.0},{"damage":3.0,"enemies":"Small Slimes","floor":2.0,"turns":3.0},{"damage":8.0,"enemies":"2 Louse","floor":4.0,"turns":2.0},{"damage":1.0,"enemies":"Looter","floor":8.0,"turns":2.0},{"damage":29.0,"enemies":"Lots of Slimes","floor":10.0,"turns":3.0},{"damage":15.0,"enemies":"Large Slime","floor":12.0,"turns":4.0},{"damage":39.0,"enemies":"The Guardian","floor":16.0,"turns":9.0},{"damage":17,"enemies":"Spheric Guardian","floor":18,"turns":4},{"damage":39,"enemies":"2 Thieves","floor":19,"turns":4},{"damage":29,"enemies":"Shelled Parasite and Fungi","floor":21,"turns":3}],"seed_played":"503211321569896511","potions_obtained":[{"floor":1.0,"key":"Swift Potion"},{"floor":12.0,"key":"EssenceOfSteel"},{"floor":20,"key":"PotionOfCapacity"}],"is_trial":false,"path_per_floor":["M","M","?","M","?","R","?","M","T","M","?","M","$","?","R","B",null,"M","M","?","M"],"character_chosen":"DEFECT","items_purchased":["Loop","Bandage Up","Steam","Lockon","Conserve Battery"],"campfire_rested":0,"item_purchase_floors":[13,13,13,13,13],"current_hp_per_floor":[62,59,59,51,51,51,51,50,50,29,18,13,13,34,34,11,51,44,13,13,0],"gold":120,"neow_bonus":"TRANSFORM_TWO_CARDS","is_prod":false,"is_daily":false,"chose_seed":false,"campfire_upgraded":2,"win_rate":0,"timestamp":1584640896,"path_taken":["M","M","?","M","?","R","?","M","T","M","?","M","$","?","R","BOSS","M","M","?","M"],"build_version":"2020-01-14","purchased_purges":0,"victory":false,"max_hp_per_floor":[71,71,64,64,64,64,64,64,64,64,64,64,64,64,64,64,64,64,64,64,64],"card_choices":[{"not_picked":["Compile Driver","Streamline"],"picked":"Heatsinks","floor":1.0},{"not_picked":["Beam Cell","Redo","Hologram"],"picked":"SKIP","floor":2.0},{"not_picked":["Hologram","Barrage"],"picked":"Turbo","floor":4.0},{"not_picked":["Heatsinks","Hologram"],"picked":"Biased Cognition","floor":8.0},{"not_picked":["Streamline","Gash"],"picked":"Hello World","floor":10.0},{"not_picked":["Scrape","Beam Cell"],"picked":"Coolheaded","floor":12.0},{"not_picked":["Creative AI","Reboot"],"picked":"Core Surge","floor":16.0},{"not_picked":["Aggregate","Redo+1"],"picked":"Tempest","floor":18},{"not_picked":["Streamline","Rebound","Beam Cell"],"picked":"SKIP","floor":19}],"player_experience":331943,"relics_obtained":[{"floor":9.0,"key":"Bird Faced Urn"}],"event_choices":[{"damage_healed":0.0,"max_hp_gain":0.0,"max_hp_loss":7.0,"gold_gain":0.0,"event_name":"Golden Idol","player_choice":"Lose Max HP","floor":3.0,"gold_loss":0.0,"damage_taken":0.0,"relics_obtained":["Golden Idol"]},{"damage_healed":0.0,"max_hp_gain":0.0,"max_hp_loss":0.0,"gold_gain":150.0,"event_name":"Liars Game","player_choice":"AGREE","floor":5.0,"gold_loss":0.0,"damage_taken":0.0,"cards_obtained":["Doubt"]},{"damage_healed":0.0,"max_hp_gain":0.0,"max_hp_loss":0.0,"gold_gain":0.0,"cards_transformed":["Strike_B"],"event_name":"Living Wall","player_choice":"Change","floor":7.0,"gold_loss":0.0,"damage_taken":0.0,"cards_obtained":["Storm"]},{"damage_healed":0.0,"max_hp_gain":0.0,"max_hp_loss":0.0,"gold_gain":75.0,"event_name":"World of Goop","player_choice":"Gather Gold","floor":11.0,"gold_loss":0.0,"damage_taken":11.0},{"damage_healed":21.0,"max_hp_gain":0.0,"max_hp_loss":0.0,"gold_gain":0.0,"event_name":"Big Fish","player_choice":"Banana","floor":14.0,"gold_loss":0.0,"damage_taken":0.0},{"damage_healed":0,"gold_gain":0,"player_choice":"Bought 1 Potion","damage_taken":0,"max_hp_gain":0,"max_hp_loss":0,"event_name":"The Woman in Blue","floor":20,"gold_loss":0}],"is_beta":false,"boss_relics":[{"not_picked":["Coffee Dripper","Calling Bell"],"picked":"Empty Cage"}],"items_purged_floors":[],"is_endless":false,"potions_floor_spawned":[1,12],"killed_by":"Shelled Parasite and Fungi","ascension_level":17}