{"gold_per_floor":[369,369,382,399,416,416,446,446,446,399,399,399],"floor_reached":12,"playtime":289,"items_purged":[],"score":148,"play_id":"8176f3c0-2f9d-4f61-bffd-20ea5274d82c","local_time":"20200322191214","is_ascension_mode":true,"campfire_choices":[{"data":"Chaos","floor":6,"key":"SMITH"},{"floor":8,"key":"REST"}],"neow_cost":"CURSE","seed_source_timestamp":34157871314999,"circlet_count":0,"master_deck":["AscendersBane","Strike_B","Strike_B","Strike_B","Defend_B","Defend_B","Defend_B","Defend_B","Zap","Dualcast","Chaos+1","Double Energy","Defragment","FTL","All For One"],"relics":["Cracked Core","Matryoshka","Juzu Bracelet","Kunai"],"potions_floor_usage":[7,12],"damage_taken":[{"damage":0,"enemies":"2 Louse","floor":1,"turns":2},{"damage":2,"enemies":"Cultist","floor":3,"turns":4},{"damage":4,"enemies":"Jaw Worm","floor":4,"turns":3},{"damage":12,"enemies":"2 Fungi Beasts","floor":5,"turns":5},{"damage":30,"enemies":"3 Sentries","floor":7,"turns":6},{"damage":52,"enemies":"Gremlin Nob","floor":12,"turns":3}],"seed_played":"-8114109635596529520","potions_obtained":[{"floor":3,"key":"BlessingOfTheForge"},{"floor":7,"key":"SkillPotion"}],"is_trial":false,"path_per_floor":["M","?","M","M","M","R","E","R","T","?","?","E"],"character_chosen":"DEFECT","items_purchased":[],"campfire_rested":1,"item_purchase_floors":[],"current_hp_per_floor":[64,64,62,58,46,46,16,37,37,37,30,0],"gold":399,"neow_bonus":"TWO_FIFTY_GOLD","is_prod":false,"is_daily":false,"chose_seed":false,"campfire_upgraded":1,"win_rate":0,"timestamp":1584886334,"path_taken":["M","?","?","M","M","R","E","R","T","?","?","E"],"build_version":"2020-01-14","purchased_purges":0,"victory":false,"max_hp_per_floor":[71,71,71,71,71,71,71,71,71,71,71,71],"card_choices":[{"not_picked":["Sweeping Beam","Conserve Battery"],"picked":"Chaos","floor":1},{"not_picked":["Rebound","Go for the Eyes"],"picked":"Double Energy","floor":3},{"not_picked":["Gash","Cold Snap"],"picked":"Defragment","floor":4},{"not_picked":["Blizzard","Beam Cell"],"picked":"FTL","floor":5},{"not_picked":["Go for the Eyes","Capacitor"],"picked":"All For One","floor":7}],"player_experience":343126,"relics_obtained":[{"floor":7,"key":"Matryoshka"},{"floor":9,"key":"Juzu Bracelet"},{"floor":9,"key":"Kunai"}],"event_choices":[{"cards_removed":["Normality"],"damage_healed":0,"gold_gain":0,"player_choice":"Removed Curses","damage_taken":0,"max_hp_gain":0,"max_hp_loss":0,"event_name":"Fountain of Cleansing","floor":2,"gold_loss":0},{"damage_healed":0,"gold_gain":0,"player_choice":"Left Gold","damage_taken":0,"max_hp_gain":0,"max_hp_loss":0,"event_name":"World of Goop","floor":10,"gold_loss":47},{"cards_removed":["Strike_B"],"damage_healed":0,"gold_gain":0,"player_choice":"Card Removal","damage_taken":7,"max_hp_gain":0,"max_hp_loss":0,"event_name":"Golden Wing","floor":11,"gold_loss":0}],"is_beta":false,"boss_relics":[],"items_purged_floors":[],"is_endless":false,"potions_floor_spawned":[3,7],"killed_by":"Gremlin Nob","ascension_level":18}