{"gold_per_floor":[116,65,65,80,80,80,109,5,31,41,41,41,55,55,55,134,134,153,170,95,95,95],"floor_reached":22,"playtime":540,"items_purged":["Strike_B"],"score":441,"play_id":"de9fa778-aa93-4b00-8c54-86fa8756ed15","local_time":"20200322185800","is_ascension_mode":true,"campfire_choices":[{"data":"Redo","floor":6,"key":"SMITH"},{"floor":11,"key":"REST"},{"data":"Darkness","floor":15,"key":"SMITH"}],"neow_cost":"PERCENT_DAMAGE","seed_source_timestamp":33041048625000,"circlet_count":0,"master_deck":["AscendersBane","Strike_B","Defend_B","Defend_B","Defend_B","Dualcast","Doom and Gloom","Turbo","Redo+1","Auto Shields","Darkness+1","Redo","Loop","Biased Cognition","BootSequence"],"special_seed":0,"relics":["Cracked Core","PreservedInsect","MealTicket","Sozu"],"potions_floor_usage":[7,10,22],"damage_taken":[{"damage":3.0,"enemies":"Small Slimes","floor":1.0,"turns":3.0},{"damage":0.0,"enemies":"2 Louse","floor":4.0,"turns":1.0},{"damage":35,"enemies":"3 Sentries","floor":7,"turns":5},{"damage":0,"enemies":"Jaw Worm","floor":10,"turns":1},{"damage":1,"enemies":"Exordium Thugs","floor":13,"turns":3},{"damage":0,"enemies":"Slime Boss","floor":16,"turns":7},{"damage":0,"enemies":"Spheric Guardian","floor":18,"turns":3},{"damage":32,"enemies":"Shell Parasite","floor":19,"turns":6},{"damage":47,"enemies":"Sentry and Sphere","floor":22,"turns":5}],"seed_played":"-1752426754116064186","potions_obtained":[{"floor":1.0,"key":"Regen Potion"},{"floor":7,"key":"Fire Potion"},{"floor":16,"key":"Explosive Potion"}],"is_trial":false,"path_per_floor":["M","$","?","M","?","R","E","$","T","M","R","?","M","?","R","B",null,"M","M","$","?","M"],"character_chosen":"DEFECT","items_purchased":["Turbo","Darkness","Redo"],"campfire_rested":1,"item_purchase_floors":[2,8,8],"current_hp_per_floor":[43,43,36,36,36,36,15,15,15,15,36,36,35,35,35,35,62,62,30,45,45,0],"gold":95,"neow_bonus":"REMOVE_TWO","is_prod":false,"is_daily":false,"chose_seed":false,"campfire_upgraded":2,"win_rate":0,"timestamp":1584885480,"path_taken":["M","$","?","M","?","R","E","?","T","?","R","?","M","?","R","BOSS","M","M","$","?","M"],"build_version":"2020-01-14","purchased_purges":1,"victory":false,"max_hp_per_floor":[71,71,71,71,71,71,71,71,71,71,71,71,71,71,71,71,71,71,71,71,71,71],"card_choices":[{"not_picked":["Leap","Undo"],"picked":"Doom and Gloom","floor":1.0},{"not_picked":["Melter","FTL"],"picked":"Redo","floor":4.0},{"not_picked":["Reinforced Body","Compile Driver"],"picked":"Auto Shields","floor":7},{"not_picked":["Redo","Scrape","Go for the Eyes"],"picked":"SKIP","floor":10},{"not_picked":["Doom and Gloom","Steam"],"picked":"Loop","floor":13},{"not_picked":["Amplify","Thunder Strike"],"picked":"Biased Cognition","floor":16},{"not_picked":["Consume","Loop","Cold Snap"],"picked":"SKIP","floor":18},{"not_picked":["Gash","Compile Driver","Sweeping Beam"],"picked":"SKIP","floor":19}],"player_experience":342586,"relics_obtained":[{"floor":7,"key":"PreservedInsect"},{"floor":9,"key":"MealTicket"}],"event_choices":[{"cards_removed":["Strike_B"],"damage_healed":0.0,"max_hp_gain":0.0,"max_hp_loss":0.0,"gold_gain":0.0,"event_name":"Golden Wing","player_choice":"Card Removal","floor":3.0,"gold_loss":0.0,"damage_taken":7.0},{"damage_healed":0,"gold_gain":0,"player_choice":"Ignored","damage_taken":0,"max_hp_gain":0,"max_hp_loss":0,"event_name":"Shining Light","floor":5,"gold_loss":0},{"cards_removed":["Zap"],"damage_healed":0,"gold_gain":0,"player_choice":"Forget","damage_taken":0,"max_hp_gain":0,"max_hp_loss":0,"event_name":"Living Wall","floor":12,"gold_loss":0},{"damage_healed":0,"gold_gain":0,"player_choice":"Fled","damage_taken":0,"max_hp_gain":0,"max_hp_loss":0,"event_name":"Scrap Ooze","floor":14,"gold_loss":0},{"damage_healed":0,"gold_gain":0,"player_choice":"Read","damage_taken":0,"max_hp_gain":0,"max_hp_loss":0,"event_name":"The Library","floor":21,"gold_loss":0,"cards_obtained":["BootSequence"]}],"is_beta":false,"boss_relics":[{"not_picked":["Fusion Hammer","Black Star"],"picked":"Sozu"}],"items_purged_floors":[20],"is_endless":false,"potions_floor_spawned":[1,7,16,18,19],"killed_by":"Sentry and Sphere","ascension_level":18}