{"gold_per_floor":[118,118,76,76,87,87,120,120,120,148,167,183,209,229,229,301,301,320,320,18,18,18,18],"floor_reached":23,"playtime":659,"items_purged":[],"score":441,"play_id":"a2494f83-b51e-402a-bb35-b7151dee3796","local_time":"20200323124943","is_ascension_mode":true,"campfire_choices":[{"data":"Zap","floor":6,"key":"SMITH"},{"data":"Redo","floor":8,"key":"SMITH"},{"data":"Dualcast","floor":15,"key":"SMITH"}],"neow_cost":"NONE","seed_source_timestamp":10468807866000,"circlet_count":0,"master_deck":["AscendersBane","Strike_B","Strike_B","Strike_B","Defend_B","Defend_B","Defend_B","Defend_B","Zap+1","Dualcast+1","Go for the Eyes","Self Repair","Hologram","Beam Cell","Redo+1","Scrape","Melter","Coolheaded","Creative AI","Conserve Battery+1","Turbo"],"relics":["Cracked Core","NeowsBlessing","Ornamental Fan","Eternal Feather","White Beast Statue","Tiny Chest","Bronze Scales","Inserter","Mummified Hand","Blue Candle"],"potions_floor_usage":[11,13,14,23,23],"damage_taken":[{"damage":0,"enemies":"2 Louse","floor":1,"turns":1},{"damage":0,"enemies":"Cultist","floor":5,"turns":1},{"damage":0,"enemies":"3 Sentries","floor":7,"turns":1},{"damage":29,"enemies":"Lagavulin","floor":10,"turns":6},{"damage":2,"enemies":"Jaw Worm","floor":11,"turns":3},{"damage":4,"enemies":"Large Slime","floor":12,"turns":6},{"damage":9,"enemies":"Gremlin Nob","floor":13,"turns":3},{"damage":16,"enemies":"Gremlin Gang","floor":14,"turns":3},{"damage":64,"enemies":"Slime Boss","floor":16,"turns":13},{"damage":47,"enemies":"2 Thieves","floor":18,"turns":4},{"damage":26,"enemies":"Slavers","floor":23,"turns":1}],"seed_played":"-6144561653084584969","potions_obtained":[{"floor":7,"key":"DistilledChaos"},{"floor":10,"key":"Fire Potion"},{"floor":11,"key":"LiquidBronze"},{"floor":12,"key":"DistilledChaos"},{"floor":13,"key":"Ancient Potion"},{"floor":14,"key":"FairyPotion"},{"floor":16,"key":"Regen Potion"},{"floor":18,"key":"Fire Potion"}],"is_trial":false,"path_per_floor":["M","?","$","?","M","R","E","R","T","E","M","M","E","M","R","B",null,"M","?","$","?","T","E"],"character_chosen":"DEFECT","items_purchased":["Self Repair","Mummified Hand","Turbo"],"campfire_rested":0,"item_purchase_floors":[3,20,20],"current_hp_per_floor":[64,46,46,46,53,53,60,69,69,47,52,55,53,44,53,21,59,19,19,19,13,13,0],"gold":18,"neow_bonus":"THREE_ENEMY_KILL","is_prod":false,"is_daily":false,"chose_seed":false,"campfire_upgraded":3,"win_rate":0,"timestamp":1584949783,"path_taken":["M","?","$","?","M","R","E","R","T","E","M","?","E","M","R","BOSS","M","?","$","?","?","E"],"build_version":"2020-01-14","purchased_purges":0,"victory":false,"max_hp_per_floor":[71,71,71,71,71,71,71,71,71,71,71,71,71,71,71,71,71,71,71,71,71,71,71],"card_choices":[{"not_picked":["Beam Cell","Compile Driver"],"picked":"Go for the Eyes","floor":1},{"not_picked":["Turbo","Streamline"],"picked":"Beam Cell","floor":5},{"not_picked":["Conserve Battery","Cold Snap"],"picked":"Redo","floor":7},{"not_picked":["Undo","Barrage"],"picked":"Scrape","floor":10},{"not_picked":["Streamline","Loop","Cold Snap"],"picked":"SKIP","floor":11},{"not_picked":["Leap","Conserve Battery"],"picked":"Melter","floor":12},{"not_picked":["Compile Driver","Streamline","Beam Cell"],"picked":"SKIP","floor":13},{"not_picked":["White Noise","Skim"],"picked":"Coolheaded","floor":14},{"not_picked":["Fission","Core Surge"],"picked":"Creative AI","floor":16},{"not_picked":["Sweeping Beam","Fusion"],"picked":"Conserve Battery+1","floor":18}],"player_experience":343415,"relics_obtained":[{"floor":7,"key":"Eternal Feather"},{"floor":9,"key":"White Beast Statue"},{"floor":10,"key":"Tiny Chest"},{"floor":13,"key":"Bronze Scales"},{"floor":22,"key":"Blue Candle"}],"event_choices":[{"damage_healed":0,"gold_gain":0,"player_choice":"Success","damage_taken":18,"relics_obtained":["Ornamental Fan"],"max_hp_gain":0,"max_hp_loss":0,"event_name":"Scrap Ooze","floor":2,"gold_loss":0},{"damage_healed":0,"gold_gain":0,"cards_transformed":["Strike_B"],"player_choice":"Transformed","damage_taken":0,"max_hp_gain":0,"max_hp_loss":0,"event_name":"Transmorgrifier","floor":4,"gold_loss":0,"cards_obtained":["Hologram"]},{"damage_healed":0,"gold_gain":0,"player_choice":"Ignored","damage_taken":0,"max_hp_gain":0,"max_hp_loss":0,"event_name":"The Mausoleum","floor":19,"gold_loss":0},{"damage_healed":0,"gold_gain":0,"player_choice":"","damage_taken":6,"max_hp_gain":0,"max_hp_loss":0,"event_name":"Knowing Skull","floor":21,"potions_obtained":[],"gold_loss":0,"cards_obtained":[]}],"is_beta":false,"boss_relics":[{"not_picked":["Snecko Eye","Velvet Choker"],"picked":"Inserter"}],"items_purged_floors":[],"is_endless":false,"potions_floor_spawned":[7,10,11,12,13,14,16,18],"killed_by":"Slavers","ascension_level":18}