{"gold_per_floor":[116,41,41,59,77,77,93,93,171,198,33,56,75,75,75,149,149,162,177,22,0,0],"floor_reached":22,"playtime":642,"items_purged":["Defend_B"],"score":322,"play_id":"c38da71f-fe0f-4b81-9bde-9338e9293b8a","local_time":"20200318210348","is_ascension_mode":true,"campfire_choices":[{"data":"Zap","floor":6.0,"key":"SMITH"},{"data":"Rip and Tear","floor":8.0,"key":"SMITH"},{"floor":15.0,"key":"REST"}],"neow_cost":"NONE","seed_source_timestamp":25896220123300,"circlet_count":0,"master_deck":["AscendersBane","Strike_B","Strike_B","Strike_B","Defend_B+1","Defend_B+1","Zap+1","Dualcast","BootSequence","Rip and Tear+1","Echo Form","Cold Snap","Self Repair"],"special_seed":0,"relics":["Cracked Core","PreservedInsect","Sundial","Happy Flower","Medical Kit","Odd Mushroom","Nuclear Battery"],"potions_floor_usage":[19],"damage_taken":[{"damage":0.0,"enemies":"2 Louse","floor":1.0,"turns":2.0},{"damage":2.0,"enemies":"Jaw Worm","floor":4.0,"turns":4.0},{"damage":0.0,"enemies":"Small Slimes","floor":5.0,"turns":2.0},{"damage":1.0,"enemies":"3 Louse","floor":7.0,"turns":3.0},{"damage":1.0,"enemies":"The Mushroom Lair","floor":12.0,"turns":3.0},{"damage":0.0,"enemies":"Large Slime","floor":13.0,"turns":4.0},{"damage":29.0,"enemies":"Slime Boss","floor":16.0,"turns":7.0},{"damage":58,"enemies":"3 Byrds","floor":18,"turns":6},{"damage":0,"enemies":"Spheric Guardian","floor":19,"turns":3},{"damage":8,"enemies":"Snecko","floor":22,"turns":2}],"seed_played":"4390166046628731518","potions_obtained":[{"floor":1.0,"key":"Explosive Potion"},{"floor":5.0,"key":"DistilledChaos"},{"floor":13.0,"key":"Fruit Juice"},{"floor":18,"key":"Strength Potion"}],"is_trial":false,"path_per_floor":["M","?","?","M","M","R","M","R","T","T","$","?","M","?","R","B",null,"M","M","$","?","M"],"character_chosen":"DEFECT","items_purchased":["Medical Kit","DistilledChaos"],"campfire_rested":1,"item_purchase_floors":[11,20],"current_hp_per_floor":[64,64,46,44,44,44,43,43,43,43,43,42,47,24,46,17,61,3,3,3,3,0],"gold":0,"neow_bonus":"REMOVE_CARD","is_prod":false,"is_daily":false,"chose_seed":false,"campfire_upgraded":2,"win_rate":0,"timestamp":1584547428,"path_taken":["M","?","?","M","M","R","M","R","T","?","$","?","M","?","R","BOSS","M","M","$","?","M"],"build_version":"2020-01-14","purchased_purges":1,"victory":false,"max_hp_per_floor":[71,71,71,71,71,71,71,71,71,71,71,71,76,76,76,76,76,76,76,76,76,76],"card_choices":[{"not_picked":["Conserve Battery","Rebound"],"picked":"BootSequence","floor":1.0},{"not_picked":["Turbo","Sweeping Beam","Consume"],"picked":"SKIP","floor":4.0},{"not_picked":["Loop","Barrage","Streamline"],"picked":"SKIP","floor":5.0},{"not_picked":["Redo","Leap"],"picked":"Rip and Tear","floor":7.0},{"not_picked":["Rebound","Turbo"],"picked":"Echo Form","floor":13.0},{"not_picked":["Stack+1","Blizzard+1"],"picked":"Cold Snap","floor":18},{"not_picked":["Streamline","Turbo"],"picked":"Self Repair","floor":19}],"player_experience":329515,"relics_obtained":[{"floor":9.0,"key":"Sundial"},{"floor":10.0,"key":"Happy Flower"},{"floor":12.0,"key":"Odd Mushroom"}],"event_choices":[{"cards_removed":["Defend_B"],"damage_healed":0.0,"max_hp_gain":0.0,"max_hp_loss":0.0,"gold_gain":0.0,"event_name":"The Cleric","player_choice":"Card Removal","floor":2.0,"gold_loss":75.0,"damage_taken":0.0},{"damage_healed":0.0,"max_hp_gain":0.0,"max_hp_loss":0.0,"gold_gain":0.0,"event_name":"Scrap Ooze","player_choice":"Success","floor":3.0,"gold_loss":0.0,"damage_taken":18.0,"relics_obtained":["PreservedInsect"]},{"damage_healed":0.0,"max_hp_gain":0.0,"max_hp_loss":0.0,"gold_gain":0.0,"event_name":"Mushrooms","player_choice":"Fought Mushrooms","floor":12.0,"gold_loss":0.0,"damage_taken":0.0},{"damage_healed":0.0,"max_hp_gain":0.0,"max_hp_loss":0.0,"gold_gain":0.0,"event_name":"Shining Light","player_choice":"Entered Light","floor":14.0,"gold_loss":0.0,"damage_taken":23.0,"cards_upgraded":["Defend_B","Defend_B"]},{"damage_healed":0,"gold_gain":0,"player_choice":"Paid Fearfully","damage_taken":0,"max_hp_gain":0,"max_hp_loss":0,"event_name":"Masked Bandits","floor":21,"gold_loss":22}],"is_beta":false,"boss_relics":[{"not_picked":["Runic Dome","Astrolabe"],"picked":"Nuclear Battery"}],"items_purged_floors":[20],"is_endless":false,"potions_floor_spawned":[1,5,13,18],"killed_by":"Snecko","ascension_level":17}