{"gold_per_floor":[116,116,130,146,146,146,179,179,179,88,88,112,112,132,132,204,204,216,216,55,55,18,18,33,33,33,48,48,58,76,76,76,150,150,163,163,175,194,209,209,223,223],"floor_reached":42,"playtime":1462,"items_purged":["Strike_B"],"score":756,"play_id":"331b7650-ab29-4417-91f9-2e8ec0f87813","local_time":"20200321205052","is_ascension_mode":true,"campfire_choices":[{"data":"White Noise","floor":6,"key":"SMITH"},{"data":"Dualcast","floor":11,"key":"SMITH"},{"data":"Static Discharge","floor":13,"key":"SMITH"},{"floor":15,"key":"REST"},{"data":"Storm","floor":23,"key":"SMITH"},{"data":"Chill","floor":25,"key":"SMITH"},{"floor":32,"key":"REST"},{"floor":40,"key":"REST"}],"neow_cost":"NONE","seed_source_timestamp":23137681995700,"circlet_count":0,"master_deck":["AscendersBane","Zap","Dualcast+1","Coolheaded","White Noise+1","Cold Snap","Electrodynamics","Loop","Turbo","Static Discharge+1","Rainbow","Genetic Algorithm","Storm+1","Force Field","Chill+1","Chill","Chill","Coolheaded","Seek","Blizzard","FTL","Recycle","Stack","Static Discharge"],"relics":["Cracked Core","NeowsBlessing","StoneCalendar","Thread and Needle","Odd Mushroom","Empty Cage","Pear","Pandora\u0027s Box"],"potions_floor_usage":[7,12,33,39,42],"damage_taken":[{"damage":0,"enemies":"Cultist","floor":1,"turns":1},{"damage":0,"enemies":"2 Louse","floor":3,"turns":1},{"damage":0,"enemies":"Jaw Worm","floor":4,"turns":1},{"damage":33,"enemies":"Gremlin Nob","floor":7,"turns":4},{"damage":4,"enemies":"The Mushroom Lair","floor":12,"turns":4},{"damage":0,"enemies":"Looter","floor":14,"turns":4},{"damage":8,"enemies":"The Guardian","floor":16,"turns":9},{"damage":9,"enemies":"Spheric Guardian","floor":18,"turns":4},{"damage":10,"enemies":"Shell Parasite","floor":24,"turns":7},{"damage":5,"enemies":"3 Cultists","floor":27,"turns":4},{"damage":15,"enemies":"Centurion and Healer","floor":29,"turns":6},{"damage":1,"enemies":"Snake Plant","floor":30,"turns":4},{"damage":11,"enemies":"Collector","floor":33,"turns":10},{"damage":12,"enemies":"Orb Walker","floor":35,"turns":4},{"damage":0,"enemies":"3 Shapes","floor":37,"turns":4},{"damage":14,"enemies":"Jaw Worm Horde","floor":38,"turns":4},{"damage":24,"enemies":"3 Darklings","floor":39,"turns":2},{"damage":0,"enemies":"4 Shapes","floor":41,"turns":4},{"damage":78,"enemies":"Transient","floor":42,"turns":6}],"seed_played":"3788641090858111773","potions_obtained":[{"floor":3,"key":"CultistPotion"},{"floor":7,"key":"AttackPotion"},{"floor":14,"key":"DuplicationPotion"},{"floor":16,"key":"Energy Potion"},{"floor":24,"key":"DistilledChaos"},{"floor":27,"key":"FocusPotion"},{"floor":33,"key":"SteroidPotion"},{"floor":38,"key":"EssenceOfSteel"},{"floor":41,"key":"LiquidMemories"}],"is_trial":false,"path_per_floor":["M","?","M","M","$","R","E","?","T","$","R","?","R","M","R","B",null,"M","?","$","?","$","R","M","R","T","M","?","M","M","$","R","B",null,"M","?","M","M","M","R","M","M"],"character_chosen":"DEFECT","items_purchased":["Loop","Turbo","Storm","Chill"],"campfire_rested":3,"item_purchase_floors":[10,10,20,22],"current_hp_per_floor":[64,64,64,64,64,64,31,31,31,31,31,27,27,27,48,40,63,54,54,54,54,54,54,44,44,54,49,49,34,33,33,57,46,72,60,60,60,46,22,46,46,0],"gold":223,"neow_bonus":"THREE_ENEMY_KILL","is_prod":false,"is_daily":false,"chose_seed":false,"campfire_upgraded":5,"win_rate":0,"timestamp":1584805852,"path_taken":["M","?","?","M","$","R","E","?","T","$","R","?","R","M","R","BOSS","M","?","$","?","?","R","?","R","T","M","?","M","M","$","R","BOSS","M","?","M","?","M","R","M","M"],"build_version":"2020-01-14","purchased_purges":1,"victory":false,"max_hp_per_floor":[71,71,71,71,71,71,71,71,71,71,71,71,71,71,71,71,71,71,71,71,71,71,71,71,71,81,81,81,81,81,81,81,81,81,81,81,81,81,81,81,81,81],"card_choices":[{"not_picked":["Rebound","Leap"],"picked":"Coolheaded","floor":1},{"not_picked":["Cold Snap","Coolheaded"],"picked":"White Noise","floor":3},{"not_picked":["Blizzard","Undo"],"picked":"Cold Snap","floor":4},{"not_picked":["Compile Driver","Hyperbeam"],"picked":"Electrodynamics","floor":7},{"not_picked":["Doom and Gloom","Rebound"],"picked":"Static Discharge","floor":12},{"not_picked":["Barrage","Compile Driver","Go for the Eyes"],"picked":"SKIP","floor":14},{"not_picked":["Machine Learning","Meteor Strike"],"picked":"Rainbow","floor":16},{"not_picked":["Recycle","Compile Driver"],"picked":"Genetic Algorithm","floor":18},{"not_picked":["Consume","Coolheaded","Doom and Gloom"],"picked":"SKIP","floor":24},{"not_picked":["Redo","Consume+1"],"picked":"Chill","floor":27},{"not_picked":["Ball Lightning","Turbo"],"picked":"Chill","floor":29},{"not_picked":["Consume+1","Turbo"],"picked":"Coolheaded","floor":30},{"not_picked":["Echo Form","Meteor Strike"],"picked":"Seek","floor":33},{"not_picked":["Leap","Auto Shields","Coolheaded"],"picked":"SKIP","floor":35},{"not_picked":["Coolheaded","Reprogram","Rebound"],"picked":"SKIP","floor":37},{"not_picked":["Reprogram","Coolheaded+1","Gash"],"picked":"SKIP","floor":38},{"not_picked":["Creative AI","Leap"],"picked":"Static Discharge","floor":39},{"not_picked":["Lockon+1","Steam Power","Conserve Battery+1"],"picked":"SKIP","floor":41}],"player_experience":339901,"relics_obtained":[{"floor":7,"key":"StoneCalendar"},{"floor":9,"key":"Thread and Needle"},{"floor":12,"key":"Odd Mushroom"},{"floor":26,"key":"Pear"}],"event_choices":[{"damage_healed":0,"gold_gain":0,"player_choice":"0 cards matched","damage_taken":0,"max_hp_gain":0,"max_hp_loss":0,"event_name":"Match and Keep!","floor":2,"gold_loss":0,"cards_obtained":[]},{"cards_removed":["Strike_B"],"damage_healed":0,"gold_gain":0,"player_choice":"Forget","damage_taken":0,"max_hp_gain":0,"max_hp_loss":0,"event_name":"Living Wall","floor":8,"gold_loss":0},{"damage_healed":0,"gold_gain":0,"player_choice":"Fought Mushrooms","damage_taken":0,"max_hp_gain":0,"max_hp_loss":0,"event_name":"Mushrooms","floor":12,"gold_loss":0},{"damage_healed":0,"gold_gain":0,"player_choice":"Read","damage_taken":0,"max_hp_gain":0,"max_hp_loss":0,"event_name":"The Library","floor":21,"gold_loss":0,"cards_obtained":["Force Field"]},{"damage_healed":0,"gold_gain":0,"player_choice":"Ignored","damage_taken":0,"max_hp_gain":0,"max_hp_loss":0,"event_name":"The Mausoleum","floor":28,"gold_loss":0},{"damage_healed":0,"gold_gain":0,"player_choice":"0 cards matched","damage_taken":0,"max_hp_gain":0,"max_hp_loss":0,"event_name":"Match and Keep!","floor":36,"gold_loss":0,"cards_obtained":[]}],"is_beta":false,"boss_relics":[{"not_picked":["Sozu","Runic Pyramid"],"picked":"Empty Cage"},{"not_picked":["Busted Crown","Inserter"],"picked":"Pandora\u0027s Box"}],"items_purged_floors":[20],"is_endless":false,"potions_floor_spawned":[3,7,14,16,24,27,29,33,37,38,41],"killed_by":"Transient","ascension_level":18}