{"gold_per_floor":[114,114,132,157,157,157,191,203,203,203,214,214,226,236,236,312,312,327,238,251,251,166,166,183,183],"floor_reached":25,"playtime":785,"items_purged":[],"score":433,"play_id":"a518a685-8328-42af-905f-2a4cf1d3a64c","local_time":"20200323210717","is_ascension_mode":true,"campfire_choices":[{"data":"Regret","floor":6,"key":"PURGE"},{"data":"Strike_B","floor":10,"key":"PURGE"},{"data":"Defend_B","floor":12,"key":"PURGE"},{"data":"Defend_B","floor":15,"key":"PURGE"},{"data":"Strike_B","floor":23,"key":"PURGE"}],"neow_cost":"NONE","seed_source_timestamp":40197005901600,"circlet_count":0,"master_deck":["AscendersBane","Strike_B","Strike_B","Defend_B","Defend_B","Zap","Dualcast","Coolheaded","Coolheaded","Ball Lightning","Chill","Turbo","All For One","Chill","Double Energy","Gash","Beam Cell+1"],"relics":["Cracked Core","NeowsBlessing","Bronze Scales","Peace Pipe","Torii","InkBottle","Philosopher\u0027s Stone","Molten Egg 2"],"potions_floor_usage":[16,16,20,25],"damage_taken":[{"damage":0,"enemies":"2 Louse","floor":1,"turns":1},{"damage":0,"enemies":"Cultist","floor":3,"turns":1},{"damage":0,"enemies":"3 Sentries","floor":7,"turns":1},{"damage":1,"enemies":"Small Slimes","floor":8,"turns":3},{"damage":6,"enemies":"Blue Slaver","floor":11,"turns":3},{"damage":1,"enemies":"Looter","floor":13,"turns":3},{"damage":9,"enemies":"Large Slime","floor":14,"turns":4},{"damage":23,"enemies":"Hexaghost","floor":16,"turns":11},{"damage":7,"enemies":"Chosen","floor":18,"turns":5},{"damage":1,"enemies":"3 Byrds","floor":20,"turns":4},{"damage":21,"enemies":"Sentry and Sphere","floor":24,"turns":6},{"damage":38,"enemies":"Gremlin Leader","floor":25,"turns":7}],"seed_played":"1917763811100214464","potions_obtained":[{"floor":2,"key":"Swift Potion"},{"floor":2,"key":"Strength Potion"},{"floor":11,"key":"SkillPotion"},{"floor":13,"key":"Block Potion"},{"floor":18,"key":"SkillPotion"},{"floor":24,"key":"Strength Potion"}],"is_trial":false,"path_per_floor":["M","?","M","T","?","R","E","M","T","R","M","R","M","M","R","B",null,"M","$","M","?","?","R","M","E"],"character_chosen":"DEFECT","items_purchased":["Double Energy"],"campfire_rested":0,"item_purchase_floors":[19],"current_hp_per_floor":[64,64,64,64,64,64,64,63,63,63,57,57,56,47,47,24,59,52,52,51,51,51,51,30,0],"gold":183,"neow_bonus":"THREE_ENEMY_KILL","is_prod":false,"is_daily":false,"chose_seed":false,"campfire_upgraded":0,"win_rate":0,"timestamp":1584979637,"path_taken":["M","?","?","?","?","R","E","M","T","R","M","R","M","M","R","BOSS","M","$","M","?","?","R","M","E"],"build_version":"2020-01-14","purchased_purges":0,"victory":false,"max_hp_per_floor":[71,71,71,71,71,71,71,71,71,71,71,71,71,71,71,71,71,71,71,71,71,71,71,71,71],"card_choices":[{"not_picked":["Beam Cell","Leap"],"picked":"Coolheaded","floor":1},{"not_picked":["Steam","Compile Driver"],"picked":"Coolheaded","floor":3},{"not_picked":["Lockon","Cold Snap"],"picked":"Ball Lightning","floor":7},{"not_picked":["Compile Driver","Tempest"],"picked":"Chill","floor":8},{"not_picked":["Chaos","Capacitor"],"picked":"Turbo","floor":11},{"not_picked":["Redo","Doom and Gloom","Streamline"],"picked":"SKIP","floor":13},{"not_picked":["Redo","Compile Driver","Rip and Tear"],"picked":"SKIP","floor":14},{"not_picked":["Amplify","Creative AI"],"picked":"All For One","floor":16},{"not_picked":["Sunder","Self Repair"],"picked":"Chill","floor":18},{"not_picked":["Rip and Tear","Stack","Hello World"],"picked":"SKIP","floor":20},{"not_picked":["Rebound+1","Steam"],"picked":"Beam Cell+1","floor":24}],"player_experience":344357,"relics_obtained":[{"floor":4,"key":"Bronze Scales"},{"floor":7,"key":"Torii"},{"floor":9,"key":"InkBottle"}],"event_choices":[{"damage_healed":0,"gold_gain":0,"player_choice":"Got Potions","damage_taken":0,"max_hp_gain":0,"max_hp_loss":0,"event_name":"Lab","floor":2,"gold_loss":0},{"damage_healed":0,"gold_gain":0,"player_choice":"Box","damage_taken":0,"relics_obtained":["Peace Pipe"],"max_hp_gain":0,"max_hp_loss":0,"event_name":"Big Fish","floor":5,"gold_loss":0,"cards_obtained":["Regret"]},{"damage_healed":0,"gold_gain":0,"player_choice":"Read","damage_taken":0,"max_hp_gain":0,"max_hp_loss":0,"event_name":"The Library","floor":21,"gold_loss":0,"cards_obtained":["Gash"]},{"damage_healed":0,"gold_gain":0,"player_choice":"Obtained Relic","damage_taken":0,"relics_obtained":["Molten Egg 2"],"max_hp_gain":0,"max_hp_loss":0,"event_name":"Addict","floor":22,"gold_loss":85}],"is_beta":false,"boss_relics":[{"not_picked":["Calling Bell","Ectoplasm"],"picked":"Philosopher\u0027s Stone"}],"items_purged_floors":[],"is_endless":false,"potions_floor_spawned":[3,11,13,18,24],"killed_by":"Gremlin Leader","ascension_level":18}