{"gold_per_floor":[119,43,43,43,43,43,78,78,378,378,87,108,131,164,164,267,279,191,34,34,55,55],"floor_reached":22,"playtime":616,"items_purged":["Defend_B"],"score":348,"play_id":"ef40f6ab-b8f1-4588-a2f4-4c88724aee4d","local_time":"20200320141305","is_ascension_mode":true,"campfire_choices":[{"data":"Dualcast","floor":6,"key":"SMITH"},{"data":"Reinforced Body","floor":8,"key":"SMITH"},{"floor":10,"key":"REST"},{"floor":15,"key":"DIG"}],"neow_cost":"NONE","seed_source_timestamp":13088409577400,"circlet_count":0,"master_deck":["AscendersBane","Strike_B","Strike_B","Strike_B","Strike_B","Defend_B","Defend_B","Defend_B","Zap+1","Dualcast+1","Self Repair","Reinforced Body+1","Go for the Eyes","Buffer","Thunder Strike","Coolheaded","Loop","Panacea"],"relics":["Cracked Core","Nunchaku","Golden Idol","Potion Belt","Old Coin","Runic Capacitor","Shovel","MawBank","Fusion Hammer"],"potions_floor_usage":[14,16,16,21,22],"damage_taken":[{"damage":0,"enemies":"2 Louse","floor":1,"turns":2},{"damage":49,"enemies":"Lagavulin","floor":7,"turns":9},{"damage":7,"enemies":"Small Slimes","floor":12,"turns":3},{"damage":7,"enemies":"Jaw Worm","floor":13,"turns":3},{"damage":13,"enemies":"Gremlin Nob","floor":14,"turns":4},{"damage":18,"enemies":"Slime Boss","floor":16,"turns":13},{"damage":27,"enemies":"2 Thieves","floor":18,"turns":5},{"damage":8,"enemies":"Chosen","floor":21,"turns":7},{"damage":33,"enemies":"Snake Plant","floor":22,"turns":6}],"seed_played":"540551813071080581","potions_obtained":[{"floor":13,"key":"SkillPotion"},{"floor":14,"key":"SkillPotion"},{"floor":20,"key":"Strength Potion"},{"floor":20,"key":"Block Potion"},{"floor":21,"key":"Weak Potion"}],"is_trial":false,"path_per_floor":["M","$","?","?","?","R","E","R","T","R","$","M","M","E","R","B",null,"M","$","?","M","M"],"character_chosen":"DEFECT","items_purchased":["Self Repair","Runic Capacitor","Fire Potion","Loop","Panacea"],"campfire_rested":1,"item_purchase_floors":[2,11,11,19,19],"current_hp_per_floor":[64,64,64,64,64,64,22,22,22,41,41,41,41,35,35,24,54,34,34,34,33,0],"gold":55,"neow_bonus":"RANDOM_COMMON_RELIC","is_prod":false,"is_daily":false,"chose_seed":false,"campfire_upgraded":2,"win_rate":0,"timestamp":1584695585,"path_taken":["M","$","?","?","?","R","E","R","T","R","$","M","M","E","R","BOSS","M","$","?","M","?"],"build_version":"2020-01-14","purchased_purges":1,"victory":false,"max_hp_per_floor":[71,71,64,64,64,64,64,64,64,64,64,64,64,64,64,64,64,64,64,64,64,64],"card_choices":[{"not_picked":["Conserve Battery","Hologram","Rebound"],"picked":"SKIP","floor":1},{"not_picked":["Self Repair","Conserve Battery"],"picked":"Reinforced Body","floor":7},{"not_picked":["Barrage","Beam Cell","Scrape"],"picked":"SKIP","floor":12},{"not_picked":["Barrage","Beam Cell","Scrape"],"picked":"SKIP","floor":12},{"not_picked":["Blizzard","Aggregate"],"picked":"Go for the Eyes","floor":13},{"not_picked":["Scrape","Hologram"],"picked":"Buffer","floor":14},{"not_picked":["Reboot","Seek"],"picked":"Thunder Strike","floor":16},{"not_picked":["Stack","Cold Snap"],"picked":"Coolheaded","floor":18},{"not_picked":["Cold Snap","Reinforced Body","Doom and Gloom+1"],"picked":"SKIP","floor":21}],"player_experience":334856,"relics_obtained":[{"floor":7,"key":"Potion Belt"},{"floor":9,"key":"Old Coin"},{"floor":14,"key":"Shovel"},{"floor":15,"key":"MawBank"}],"event_choices":[{"damage_healed":0,"gold_gain":0,"player_choice":"Lose Max HP","damage_taken":0,"relics_obtained":["Golden Idol"],"max_hp_gain":0,"max_hp_loss":7,"event_name":"Golden Idol","floor":3,"gold_loss":0},{"damage_healed":0,"gold_gain":0,"player_choice":"Leave","damage_taken":0,"max_hp_gain":0,"max_hp_loss":0,"event_name":"The Cleric","floor":4,"gold_loss":0},{"damage_healed":0,"gold_gain":0,"player_choice":"Grow","damage_taken":0,"max_hp_gain":0,"max_hp_loss":0,"event_name":"Living Wall","floor":5,"gold_loss":0,"cards_upgraded":["Zap"]},{"damage_healed":0,"gold_gain":0,"player_choice":"Got Potions","damage_taken":0,"max_hp_gain":0,"max_hp_loss":0,"event_name":"Lab","floor":20,"gold_loss":0}],"is_beta":false,"boss_relics":[{"not_picked":["SlaversCollar","Ectoplasm"],"picked":"Fusion Hammer"}],"items_purged_floors":[11],"is_endless":false,"potions_floor_spawned":[13,14,21],"killed_by":"Snake Plant","ascension_level":17}