{"gold_per_floor":[110,110,58,58,58,58,78,78,132,148,148,158,158,30,30,109,109,126,142,142,153,53,53,53,65,65,65,79,79,79],"floor_reached":30,"playtime":788,"items_purged":["Defend_B","Defend_B"],"score":403,"play_id":"e0fe4490-1947-4f4d-9471-33022bf7d3cd","local_time":"20200320120249","is_ascension_mode":true,"campfire_choices":[{"data":"Go for the Eyes","floor":6,"key":"SMITH"},{"data":"Zap","floor":8,"key":"SMITH"},{"data":"Consume","floor":11,"key":"SMITH"},{"data":"Barrage","floor":15,"key":"SMITH"},{"data":"Rainbow","floor":23,"key":"SMITH"}],"neow_cost":"NONE","seed_source_timestamp":5099378006300,"circlet_count":0,"master_deck":["AscendersBane","Defend_B","Zap+1","Dualcast","Good Instincts","Self Repair","Go for the Eyes+1","Capacitor","Consume+1","Steam","Chill","Barrage+1","Machine Learning","Reinforced Body+1","Reinforced Body+1","Ball Lightning+1","Turbo","Rainbow+1","Fusion+1","Defragment"],"relics":["Cracked Core","Question Card","Omamori","Astrolabe","Girya"],"potions_floor_usage":[12,25],"damage_taken":[{"damage":1,"enemies":"Cultist","floor":1,"turns":3},{"damage":0,"enemies":"2 Louse","floor":7,"turns":3},{"damage":2,"enemies":"Small Slimes","floor":10,"turns":3},{"damage":4,"enemies":"2 Fungi Beasts","floor":12,"turns":3},{"damage":51,"enemies":"The Guardian","floor":16,"turns":12},{"damage":18,"enemies":"Shell Parasite","floor":18,"turns":7},{"damage":2,"enemies":"Chosen","floor":19,"turns":5},{"damage":13,"enemies":"Snake Plant","floor":21,"turns":5},{"damage":10,"enemies":"Snecko","floor":25,"turns":6},{"damage":5,"enemies":"3 Cultists","floor":28,"turns":6},{"damage":49,"enemies":"Cultist and Chosen","floor":30,"turns":5}],"seed_played":"-8700452806446245956","potions_obtained":[{"floor":10,"key":"LiquidMemories"},{"floor":18,"key":"Swift Potion"},{"floor":19,"key":"BlessingOfTheForge"},{"floor":25,"key":"SpeedPotion"}],"is_trial":false,"path_per_floor":["M","?","$","?","?","R","M","R","T","M","R","M","?","$","R","B",null,"M","M","$","M","$","R","?","M","T","?","M","?","M"],"character_chosen":"DEFECT","items_purchased":["Go for the Eyes","Barrage"],"campfire_rested":0,"item_purchase_floors":[3,14],"current_hp_per_floor":[63,58,58,58,51,51,58,58,58,63,63,66,66,66,66,22,59,48,53,53,47,47,47,47,44,44,44,46,46,0],"gold":79,"neow_bonus":"RANDOM_COLORLESS","is_prod":false,"is_daily":false,"chose_seed":false,"campfire_upgraded":5,"win_rate":0,"timestamp":1584687769,"path_taken":["M","?","$","?","?","R","M","R","T","M","R","M","?","$","R","BOSS","M","M","$","M","$","R","?","?","T","?","?","?","M"],"build_version":"2020-01-14","purchased_purges":2,"victory":false,"max_hp_per_floor":[71,71,71,71,71,71,71,71,71,71,71,71,71,71,71,71,71,71,71,71,71,71,71,71,71,71,71,71,71,71],"card_choices":[{"not_picked":["Madness","Deep Breath"],"picked":"Good Instincts","floor":0},{"not_picked":["Skim","Ball Lightning"],"picked":"Self Repair","floor":1},{"not_picked":["Leap","Coolheaded","Turbo"],"picked":"Capacitor","floor":7},{"not_picked":["Hologram","Conserve Battery","Heatsinks"],"picked":"Consume","floor":10},{"not_picked":["Beam Cell","Redo","Doom and Gloom"],"picked":"Steam","floor":12},{"not_picked":["Reboot","Creative AI","Hyperbeam"],"picked":"Machine Learning","floor":16},{"not_picked":["Melter","Rebound+1","Auto Shields"],"picked":"Turbo","floor":18},{"not_picked":["Sweeping Beam","Steam","Turbo","Leap"],"picked":"SKIP","floor":19},{"not_picked":["Streamline","Cold Snap","Rip and Tear"],"picked":"Rainbow","floor":21},{"not_picked":["Ball Lightning","Hologram+1","Steam"],"picked":"Fusion+1","floor":25},{"not_picked":["Undo","Sweeping Beam+1","Conserve Battery"],"picked":"Defragment","floor":28}],"player_experience":332868,"relics_obtained":[{"floor":9,"key":"Omamori"},{"floor":26,"key":"Girya"}],"event_choices":[{"damage_healed":0,"gold_gain":0,"player_choice":"Success","damage_taken":5,"relics_obtained":["Question Card"],"max_hp_gain":0,"max_hp_loss":0,"event_name":"Scrap Ooze","floor":2,"gold_loss":0},{"damage_healed":0,"gold_gain":0,"player_choice":"Leave","damage_taken":0,"max_hp_gain":0,"max_hp_loss":0,"event_name":"The Cleric","floor":4,"gold_loss":0},{"cards_removed":["Strike_B"],"damage_healed":0,"gold_gain":0,"player_choice":"Card Removal","damage_taken":7,"max_hp_gain":0,"max_hp_loss":0,"event_name":"Golden Wing","floor":5,"gold_loss":0},{"damage_healed":0,"gold_gain":0,"cards_transformed":["Strike_B"],"player_choice":"Change","damage_taken":0,"max_hp_gain":0,"max_hp_loss":0,"event_name":"Living Wall","floor":13,"gold_loss":0,"cards_obtained":["Chill"]},{"damage_healed":0,"gold_gain":0,"player_choice":"Cursed","damage_taken":0,"max_hp_gain":0,"max_hp_loss":0,"event_name":"Wheel of Change","floor":24,"gold_loss":0,"cards_obtained":["Decay"]},{"damage_healed":0,"gold_gain":0,"player_choice":"0 cards matched","damage_taken":0,"max_hp_gain":0,"max_hp_loss":0,"event_name":"Match and Keep!","floor":27,"gold_loss":0,"cards_obtained":[]},{"damage_healed":0,"gold_gain":0,"player_choice":"Ignored","damage_taken":0,"max_hp_gain":0,"max_hp_loss":0,"event_name":"Ghosts","floor":29,"gold_loss":0}],"is_beta":false,"boss_relics":[{"not_picked":["Cursed Key","Nuclear Battery"],"picked":"Astrolabe"}],"items_purged_floors":[14,22],"is_endless":false,"potions_floor_spawned":[10,18,19,25],"killed_by":"Cultist and Chosen","ascension_level":17}