{"gold_per_floor":[117,117,267,55,66,66,97,97,123,123,134,78,78,90,90,164,164,179,179,179,179],"floor_reached":21,"playtime":333,"items_purged":["Regret"],"score":370,"play_id":"7e2de172-1891-4bbc-8255-877d9f874ee7","local_time":"20200320114931","is_ascension_mode":true,"campfire_choices":[{"data":"Trip","floor":6,"key":"SMITH"},{"data":"Zap","floor":8,"key":"SMITH"},{"data":"Rip and Tear","floor":13,"key":"SMITH"},{"data":"Dualcast","floor":15,"key":"SMITH"}],"neow_cost":"NONE","seed_source_timestamp":4757067477500,"circlet_count":0,"master_deck":["AscendersBane","Strike_B","Strike_B","Strike_B","Strike_B","Defend_B","Defend_B","Defend_B","Defend_B","Zap+1","Dualcast+1","Ball Lightning","Self Repair","Trip+1","Rip and Tear+1","Gash","Biased Cognition","Gash","Rebound","Biased Cognition","Gash","Decay"],"relics":["Cracked Core","NeowsBlessing","Pear","Bottled Lightning","DataDisk","Black Star"],"potions_floor_usage":[11,18],"damage_taken":[{"damage":0,"enemies":"2 Louse","floor":1,"turns":1},{"damage":0,"enemies":"Jaw Worm","floor":5,"turns":1},{"damage":0,"enemies":"3 Sentries","floor":7,"turns":1},{"damage":12,"enemies":"Small Slimes","floor":11,"turns":2},{"damage":21,"enemies":"Exordium Thugs","floor":14,"turns":3},{"damage":41,"enemies":"Hexaghost","floor":16,"turns":7},{"damage":35,"enemies":"2 Thieves","floor":18,"turns":4},{"damage":38,"enemies":"3 Byrds","floor":21,"turns":3}],"seed_played":"3012413670603949114","potions_obtained":[{"floor":7,"key":"Fire Potion"},{"floor":16,"key":"Block Potion"}],"is_trial":false,"path_per_floor":["M","?","?","$","M","R","E","R","T","?","M","$","R","M","R","B",null,"M","?","?","M"],"character_chosen":"DEFECT","items_purchased":["Self Repair","Trip","Gash"],"campfire_rested":0,"item_purchase_floors":[4,4,12],"current_hp_per_floor":[64,74,74,74,74,74,81,81,81,74,69,69,69,55,55,21,66,38,38,38,0],"gold":179,"neow_bonus":"THREE_ENEMY_KILL","is_prod":false,"is_daily":false,"chose_seed":false,"campfire_upgraded":4,"win_rate":0,"timestamp":1584686971,"path_taken":["M","?","?","$","M","R","E","R","T","?","?","$","R","?","R","BOSS","M","?","?","?"],"build_version":"2020-01-14","purchased_purges":1,"victory":false,"max_hp_per_floor":[71,81,81,81,81,81,81,81,81,81,81,81,81,81,81,81,81,81,81,81,81],"card_choices":[{"not_picked":["Stack","Conserve Battery"],"picked":"Ball Lightning","floor":1},{"not_picked":["Sweeping Beam","Heatsinks"],"picked":"Rip and Tear","floor":5},{"not_picked":["Cold Snap","Ball Lightning"],"picked":"Gash","floor":7},{"not_picked":["Hologram","Compile Driver"],"picked":"Biased Cognition","floor":11},{"not_picked":["Consume","Steam"],"picked":"Rebound","floor":14},{"not_picked":["Multi-Cast","Rainbow"],"picked":"Biased Cognition","floor":16},{"not_picked":["Chaos","Compile Driver"],"picked":"Gash","floor":18}],"player_experience":332535,"relics_obtained":[{"floor":7,"key":"Bottled Lightning"},{"floor":9,"key":"DataDisk"}],"event_choices":[{"damage_healed":0,"gold_gain":0,"player_choice":"Box","damage_taken":0,"relics_obtained":["Pear"],"max_hp_gain":0,"max_hp_loss":0,"event_name":"Big Fish","floor":2,"gold_loss":0,"cards_obtained":["Regret"]},{"damage_healed":0,"gold_gain":150,"player_choice":"AGREE","damage_taken":0,"max_hp_gain":0,"max_hp_loss":0,"event_name":"Liars Game","floor":3,"gold_loss":0,"cards_obtained":["Doubt"]},{"cards_removed":["Doubt"],"damage_healed":0,"gold_gain":0,"player_choice":"Card Removal","damage_taken":7,"max_hp_gain":0,"max_hp_loss":0,"event_name":"Golden Wing","floor":10,"gold_loss":0},{"damage_healed":0,"gold_gain":0,"player_choice":"Smashed Altar","damage_taken":0,"max_hp_gain":0,"max_hp_loss":0,"event_name":"Forgotten Altar","floor":19,"gold_loss":0,"cards_obtained":["Decay"]},{"damage_healed":0,"gold_gain":0,"player_choice":"Ignored","damage_taken":0,"max_hp_gain":0,"max_hp_loss":0,"event_name":"Ghosts","floor":20,"gold_loss":0}],"is_beta":false,"boss_relics":[{"not_picked":["Coffee Dripper","Snecko Eye"],"picked":"Black Star"}],"items_purged_floors":[4],"is_endless":false,"potions_floor_spawned":[7,16],"killed_by":"3 Byrds","ascension_level":17}