{"gold_per_floor":[365,365,381,21,32,32,45,45,45,62,62,62,77,110,110,110],"floor_reached":16,"playtime":511,"items_purged":[],"score":194,"play_id":"2f82b11d-7bc5-43c6-b25a-c2a288e3f603","local_time":"20200322104143","is_ascension_mode":true,"campfire_choices":[{"floor":6.0,"key":"DIG"},{"floor":11.0,"key":"DIG"},{"floor":15.0,"key":"DIG"}],"neow_cost":"TEN_PERCENT_HP_LOSS","seed_source_timestamp":3257773512900,"circlet_count":0,"master_deck":["AscendersBane","Strike_B","Strike_B","Strike_B","Strike_B","Defend_B","Defend_B","Defend_B","Defend_B","Zap+1","Dualcast+1","Cold Snap","Hologram","Genetic Algorithm","Steam","Streamline","Rebound","Coolheaded","Buffer"],"special_seed":0,"relics":["Cracked Core","Shovel","Eternal Feather","Bag of Marbles","Boot","Potion Belt","Du-Vu Doll"],"potions_floor_usage":[16],"damage_taken":[{"damage":4.0,"enemies":"Jaw Worm","floor":1.0,"turns":5.0},{"damage":0.0,"enemies":"Cultist","floor":3.0,"turns":3.0},{"damage":3.0,"enemies":"Small Slimes","floor":5.0,"turns":3.0},{"damage":6.0,"enemies":"Red Slaver","floor":7.0,"turns":3.0},{"damage":10.0,"enemies":"Blue Slaver","floor":10.0,"turns":3.0},{"damage":14.0,"enemies":"Exordium Wildlife","floor":13.0,"turns":4.0},{"damage":7.0,"enemies":"3 Sentries","floor":14.0,"turns":9.0},{"damage":48,"enemies":"Slime Boss","floor":16,"turns":9}],"seed_played":"-7079677547341719260","potions_obtained":[{"floor":5.0,"key":"PotionOfCapacity"},{"floor":13.0,"key":"SteroidPotion"}],"is_trial":false,"path_per_floor":["M","?","M","$","M","R","M","?","T","M","R","$","M","E","R","B"],"character_chosen":"DEFECT","items_purchased":["Shovel","Genetic Algorithm"],"campfire_rested":0,"item_purchase_floors":[4,4],"current_hp_per_floor":[60,60,60,60,57,57,51,51,51,41,50,50,36,29,38,0],"gold":110,"neow_bonus":"TWO_FIFTY_GOLD","is_prod":false,"is_daily":false,"chose_seed":false,"campfire_upgraded":0,"win_rate":0,"timestamp":1584855703,"path_taken":["M","?","M","$","?","R","M","?","T","M","R","$","M","E","R","BOSS"],"build_version":"2020-01-14","purchased_purges":0,"victory":false,"max_hp_per_floor":[64,64,64,64,64,64,64,64,64,64,64,64,64,64,64,64],"card_choices":[{"not_picked":["Static Discharge","Aggregate"],"picked":"Cold Snap","floor":1.0},{"not_picked":["Leap","Compile Driver"],"picked":"Hologram","floor":3.0},{"not_picked":["Stack","Hologram"],"picked":"Steam","floor":5.0},{"not_picked":["Steam","Core Surge"],"picked":"Streamline","floor":7.0},{"not_picked":["Beam Cell","Cold Snap"],"picked":"Rebound","floor":10.0},{"not_picked":["Stack","Redo"],"picked":"Coolheaded","floor":13.0},{"not_picked":["Hologram","Recycle"],"picked":"Buffer","floor":14.0}],"player_experience":342075,"relics_obtained":[{"floor":6.0,"key":"Eternal Feather"},{"floor":9.0,"key":"Bag of Marbles"},{"floor":11.0,"key":"Boot"},{"floor":14.0,"key":"Potion Belt"},{"floor":15.0,"key":"Du-Vu Doll"}],"event_choices":[{"damage_healed":0.0,"max_hp_gain":0.0,"max_hp_loss":0.0,"gold_gain":0.0,"event_name":"Upgrade Shrine","player_choice":"Upgraded","floor":2.0,"gold_loss":0.0,"damage_taken":0.0,"cards_upgraded":["Zap"]},{"damage_healed":0.0,"max_hp_gain":0.0,"max_hp_loss":0.0,"gold_gain":0.0,"event_name":"Accursed Blacksmith","player_choice":"Forge","floor":8.0,"gold_loss":0.0,"damage_taken":0.0,"cards_upgraded":["Dualcast"]}],"is_beta":false,"boss_relics":[],"items_purged_floors":[],"is_endless":false,"potions_floor_spawned":[5,13],"killed_by":"Slime Boss","ascension_level":18}