{"gold_per_floor":[109,127,127,97,117,117,131,150,175,175,175,175,202,213,213,287,287,302,48,48,48,60,60,60,60,60,60,60,71,71,90,90,164,164,181,21,34,34,34,34,34],"floor_reached":41,"playtime":1622,"items_purged":["Strike_B"],"score":704,"play_id":"e1a7abc7-232c-45c8-88f6-b33eaa0549c8","local_time":"20200317111957","is_ascension_mode":true,"campfire_choices":[{"data":"Coolheaded","floor":6.0,"key":"SMITH"},{"floor":11.0,"key":"REST"},{"floor":15.0,"key":"REST"},{"floor":23.0,"key":"REST"},{"data":"Panacea","floor":25.0,"key":"SMITH"},{"data":"Defragment","floor":27.0,"key":"SMITH"},{"floor":32.0,"key":"REST"},{"data":"Blizzard","floor":40.0,"key":"SMITH"}],"neow_cost":"NONE","seed_source_timestamp":10440366460800,"circlet_count":0,"master_deck":["AscendersBane","Strike_B","Strike_B","Defend_B","Defend_B","Defend_B","Zap+1","Dualcast","Biased Cognition","Turbo","Coolheaded+1","Defragment+1","Conserve Battery","Cold Snap","Fission","Capacitor","Panacea+1","Blizzard+1","Go for the Eyes+1","Barrage","Reinforced Body","Creative AI+1","Chill+1","Parasite"],"special_seed":0,"relics":["Cracked Core","Tiny Chest","Boot","DataDisk","Nuclear Battery","Symbiotic Virus","Frozen Egg 2","Cursed Key","War Paint","The Courier"],"potions_floor_usage":[41],"damage_taken":[{"damage":10.0,"enemies":"Small Slimes","floor":1.0,"turns":3.0},{"damage":0.0,"enemies":"Cultist","floor":2.0,"turns":4.0},{"damage":2.0,"enemies":"Jaw Worm","floor":5.0,"turns":4.0},{"damage":2.0,"enemies":"2 Fungi Beasts","floor":7.0,"turns":3.0},{"damage":26.0,"enemies":"Exordium Wildlife","floor":8.0,"turns":8.0},{"damage":14.0,"enemies":"Lagavulin","floor":13.0,"turns":7.0},{"damage":15.0,"enemies":"3 Louse","floor":14.0,"turns":3.0},{"damage":20.0,"enemies":"The Guardian","floor":16.0,"turns":14.0},{"damage":0.0,"enemies":"Chosen","floor":18.0,"turns":6.0},{"damage":11.0,"enemies":"2 Thieves","floor":20.0,"turns":5.0},{"damage":31.0,"enemies":"Centurion and Healer","floor":22.0,"turns":12.0},{"damage":23.0,"enemies":"Colosseum Slavers","floor":28.0,"turns":6.0},{"damage":0.0,"enemies":"Cultist and Chosen","floor":29.0,"turns":11.0},{"damage":0.0,"enemies":"Shelled Parasite and Fungi","floor":31.0,"turns":7.0},{"damage":6.0,"enemies":"Automaton","floor":33.0,"turns":12.0},{"damage":8.0,"enemies":"Orb Walker","floor":35.0,"turns":6.0},{"damage":15.0,"enemies":"3 Darklings","floor":37.0,"turns":7.0},{"damage":69,"enemies":"Reptomancer","floor":41,"turns":3}],"seed_played":"4144936071316281372","potions_obtained":[{"floor":1.0,"key":"Weak Potion"},{"floor":5.0,"key":"Weak Potion"},{"floor":7.0,"key":"SneckoOil"},{"floor":8.0,"key":"LiquidBronze"},{"floor":16.0,"key":"EssenceOfDarkness"},{"floor":18.0,"key":"Strength Potion"},{"floor":22.0,"key":"Ancient Potion"},{"floor":29.0,"key":"BlessingOfTheForge"},{"floor":31.0,"key":"PowerPotion"},{"floor":35.0,"key":"Regen Potion"},{"floor":37.0,"key":"Fruit Juice"}],"is_trial":false,"path_per_floor":["M","M","?","$","M","R","M","M","T","?","R","?","E","M","R","B",null,"M","$","M","?","M","R","T","R","T","R","?","M","?","M","R","B",null,"M","$","M","?","T","R","E"],"character_chosen":"DEFECT","items_purchased":["Coolheaded","Capacitor","Panacea","War Paint"],"campfire_rested":4,"item_purchase_floors":[4,19,19,36],"current_hp_per_floor":[54,54,54,54,52,52,50,24,24,19,40,33,19,4,25,5,55,55,55,44,44,13,34,34,34,34,34,11,11,11,11,32,26,60,52,52,42,42,42,42,0],"gold":34,"neow_bonus":"ONE_RANDOM_RARE_CARD","is_prod":false,"is_daily":false,"chose_seed":false,"campfire_upgraded":4,"win_rate":0,"timestamp":1584425997,"path_taken":["M","M","?","$","?","R","M","M","T","?","R","?","E","M","R","BOSS","M","$","M","?","M","R","?","R","T","R","?","M","?","M","R","BOSS","M","$","M","?","?","R","E"],"build_version":"2020-01-14","purchased_purges":1,"victory":false,"max_hp_per_floor":[71,71,71,71,71,71,71,71,71,71,71,71,71,71,71,71,71,71,71,71,71,71,71,71,71,71,71,71,71,71,71,71,71,71,71,71,76,76,76,76,76],"card_choices":[{"not_picked":["Reinforced Body","Rebound"],"picked":"Turbo","floor":1.0},{"not_picked":["Force Field","Conserve Battery","Beam Cell"],"picked":"SKIP","floor":2.0},{"not_picked":["Turbo","Chaos","Leap"],"picked":"SKIP","floor":5.0},{"not_picked":["Sweeping Beam","Reinforced Body","Barrage"],"picked":"SKIP","floor":7.0},{"not_picked":["Gash","Multi-Cast"],"picked":"Defragment","floor":8.0},{"not_picked":["Tempest","Sunder"],"picked":"Conserve Battery","floor":13.0},{"not_picked":["Streamline","Conserve Battery"],"picked":"Cold Snap","floor":14.0},{"not_picked":["Electrodynamics","Multi-Cast"],"picked":"Fission","floor":16.0},{"not_picked":["Stack+1","Turbo","Beam Cell+1"],"picked":"SKIP","floor":18.0},{"not_picked":["Stack","Beam Cell"],"picked":"Blizzard","floor":20.0},{"not_picked":["Hello World","Fusion"],"picked":"Go for the Eyes+1","floor":22.0},{"not_picked":["Tempest","Melter"],"picked":"Barrage","floor":29.0},{"not_picked":["Ball Lightning","Scrape"],"picked":"Reinforced Body","floor":31.0},{"not_picked":["All For One","Fission"],"picked":"Creative AI+1","floor":33.0},{"not_picked":["Turbo","Storm+1"],"picked":"Chill","floor":35.0},{"not_picked":["Darkness+1","Redo","Leap"],"picked":"SKIP","floor":37.0}],"player_experience":325516,"relics_obtained":[{"floor":9.0,"key":"Tiny Chest"},{"floor":13.0,"key":"DataDisk"},{"floor":24.0,"key":"Symbiotic Virus"},{"floor":26.0,"key":"Frozen Egg 2"},{"floor":39.0,"key":"The Courier"}],"event_choices":[{"cards_removed":["Strike_B"],"damage_healed":0.0,"max_hp_gain":0.0,"max_hp_loss":0.0,"gold_gain":0.0,"event_name":"Bonfire Elementals","player_choice":"Offered Basic","floor":3.0,"gold_loss":0.0,"damage_taken":0.0},{"damage_healed":0.0,"max_hp_gain":0.0,"max_hp_loss":0.0,"gold_gain":0.0,"event_name":"Scrap Ooze","player_choice":"Success","floor":10.0,"gold_loss":0.0,"damage_taken":5.0,"relics_obtained":["Boot"]},{"cards_removed":["Defend_B"],"damage_healed":0.0,"max_hp_gain":0.0,"max_hp_loss":0.0,"gold_gain":0.0,"event_name":"Golden Wing","player_choice":"Card Removal","floor":12.0,"gold_loss":0.0,"damage_taken":7.0},{"damage_healed":0.0,"max_hp_gain":0.0,"max_hp_loss":0.0,"gold_gain":0.0,"event_name":"Ghosts","player_choice":"Ignored","floor":21.0,"gold_loss":0.0,"damage_taken":0.0},{"damage_healed":0.0,"max_hp_gain":0.0,"max_hp_loss":0.0,"gold_gain":0.0,"event_name":"Colosseum","player_choice":"Fight","floor":28.0,"gold_loss":0.0,"damage_taken":0.0},{"damage_healed":0.0,"max_hp_gain":0.0,"max_hp_loss":0.0,"gold_gain":0.0,"event_name":"Colosseum","player_choice":"Fled From Nobs","floor":28.0,"gold_loss":0.0,"damage_taken":0.0},{"damage_healed":0.0,"max_hp_gain":0.0,"max_hp_loss":0.0,"gold_gain":0.0,"event_name":"Cursed Tome","player_choice":"Ignored","floor":30.0,"gold_loss":0.0,"damage_taken":0.0},{"damage_healed":0.0,"max_hp_gain":0.0,"max_hp_loss":0.0,"gold_gain":0.0,"event_name":"Mysterious Sphere","player_choice":"Ignored","floor":38.0,"gold_loss":0.0,"damage_taken":0.0}],"is_beta":false,"boss_relics":[{"not_picked":["Velvet Choker","Runic Pyramid"],"picked":"Nuclear Battery"},{"not_picked":["Sozu","Astrolabe"],"picked":"Cursed Key"}],"items_purged_floors":[19],"is_endless":false,"potions_floor_spawned":[1,5,7,8,16,18,22,29,31,35,37],"killed_by":"Reptomancer","ascension_level":16}