{"gold_per_floor":[109,123,140,140,140,140,173,190,190,190,216,216,141,158,158,237,237,247,59,75,94,107,107,32,32,101,101,126,176,176,192,192,269,269,289,289,300,36,0,32,32,42,123,123,123,139,139,153,153,153],"floor_reached":51,"playtime":2377,"items_purged":["Defend_B","Melter"],"score":1416,"play_id":"6c7cefdc-d02d-47e1-842e-ab7e81cfaaaf","local_time":"20200317152431","is_ascension_mode":true,"campfire_choices":[{"data":"Zap","floor":6.0,"key":"SMITH"},{"data":"Blizzard","floor":10.0,"key":"SMITH"},{"floor":12.0,"key":"REST"},{"data":"Capacitor","floor":15.0,"key":"SMITH"},{"floor":23.0,"key":"REST"},{"data":"Capacitor","floor":30,"key":"SMITH"},{"floor":32,"key":"REST"},{"data":"Buffer","floor":41,"key":"SMITH"},{"data":"Cold Snap","floor":45,"key":"SMITH"},{"data":"Melter","floor":49,"key":"SMITH"}],"neow_cost":"NONE","seed_source_timestamp":24432274116500,"circlet_count":0,"master_deck":["AscendersBane","Zap+1","Capacitor+1","Capacitor+1","Glacier+1","Blizzard+1","Coolheaded+1","Core Surge","Leap+1","Melter+1","Cold Snap+1","Fusion+1","Reinforced Body+1","Master of Strategy+1","Seek+1","Consume+1","Reboot+1","CurseOfTheBell","PanicButton+1","Turbo+1","Steam Power+1","Buffer+1","Glacier+1"],"special_seed":0,"relics":["Cracked Core","NeowsBlessing","Toxic Egg 2","Happy Flower","Singing Bowl","PreservedInsect","Pandora\u0027s Box","HornCleat","Dream Catcher","Calling Bell","Kunai","Vajra","Thread and Needle","Red Mask","Bottled Lightning","Darkstone Periapt","Sundial"],"potions_floor_usage":[28,50,50],"damage_taken":[{"damage":0.0,"enemies":"Cultist","floor":1.0,"turns":1.0},{"damage":0.0,"enemies":"Small Slimes","floor":2.0,"turns":1.0},{"damage":0.0,"enemies":"Jaw Worm","floor":3.0,"turns":1.0},{"damage":42.0,"enemies":"Gremlin Nob","floor":7.0,"turns":5.0},{"damage":4.0,"enemies":"Blue Slaver","floor":8.0,"turns":5.0},{"damage":2.0,"enemies":"2 Fungi Beasts","floor":14.0,"turns":4.0},{"damage":15.0,"enemies":"Hexaghost","floor":16.0,"turns":15.0},{"damage":0.0,"enemies":"Chosen","floor":18.0,"turns":6.0},{"damage":14.0,"enemies":"3 Byrds","floor":20.0,"turns":5.0},{"damage":3.0,"enemies":"Centurion and Healer","floor":21.0,"turns":7.0},{"damage":18.0,"enemies":"Chosen and Byrds","floor":22.0,"turns":6.0},{"damage":0,"enemies":"Book of Stabbing","floor":28,"turns":6},{"damage":2,"enemies":"Shelled Parasite and Fungi","floor":31,"turns":4},{"damage":22,"enemies":"Collector","floor":33,"turns":12},{"damage":14,"enemies":"3 Darklings","floor":35,"turns":6},{"damage":0,"enemies":"Orb Walker","floor":37,"turns":6},{"damage":11,"enemies":"Giant Head","floor":40,"turns":11},{"damage":0,"enemies":"Transient","floor":42,"turns":5},{"damage":5,"enemies":"Writhing Mass","floor":46,"turns":7},{"damage":0,"enemies":"Maw","floor":48,"turns":12},{"damage":0,"enemies":"Awakened One","floor":50,"turns":19}],"seed_played":"-6975678757864446259","potions_obtained":[{"floor":1.0,"key":"Fruit Juice"},{"floor":8.0,"key":"FocusPotion"},{"floor":14.0,"key":"Block Potion"},{"floor":22.0,"key":"Ancient Potion"},{"floor":28,"key":"PotionOfCapacity"},{"floor":42,"key":"FocusPotion"}],"is_trial":false,"path_per_floor":["M","M","M","?","T","R","E","M","T","R","T","R","$","M","R","B",null,"M","$","M","M","M","R","?","$","T","?","E","?","R","M","R","B",null,"M","?","M","$","?","E","R","M","T","?","R","M","T","M","R","B",null],"character_chosen":"DEFECT","items_purchased":["Master of Strategy+1","Steam Power+1","DuplicationPotion"],"campfire_rested":3,"item_purchase_floors":[19,38,38],"current_hp_per_floor":[69,69,69,62,62,62,20,16,16,16,16,38,38,36,36,21,62,64,64,52,51,33,57,57,57,57,57,59,51,51,49,76,54,78,66,66,66,66,66,55,55,55,55,55,55,52,52,54,54,54],"gold":153,"neow_bonus":"THREE_ENEMY_KILL","is_prod":false,"is_daily":false,"chose_seed":false,"campfire_upgraded":7,"win_rate":0,"timestamp":1584440671,"path_taken":["M","?","?","?","?","R","E","M","T","R","?","R","?","M","R","BOSS","M","$","M","M","M","R","?","$","T","?","E","?","R","M","R","BOSS","M","?","M","$","?","E","R","M","T","?","R","M","?","M","R","BOSS"],"build_version":"2020-01-14","purchased_purges":2,"victory":true,"max_hp_per_floor":[76,76,76,76,76,76,76,76,76,76,76,76,76,76,76,76,76,78,78,80,82,82,82,82,82,82,82,84,84,84,84,86,86,86,88,88,88,88,88,88,88,88,88,88,88,90,90,92,92,92],"card_choices":[{"not_picked":["Coolheaded","Barrage"],"picked":"Capacitor","floor":1.0},{"not_picked":["Double Energy","Ball Lightning"],"picked":"Capacitor","floor":2.0},{"not_picked":["Leap","Go for the Eyes","Scrape"],"picked":"SKIP","floor":3.0},{"not_picked":["Genetic Algorithm+1","Gash"],"picked":"Glacier+1","floor":7.0},{"not_picked":["Beam Cell","Steam+1"],"picked":"Blizzard","floor":8.0},{"not_picked":["Fusion+1","Darkness+1"],"picked":"Coolheaded+1","floor":14.0},{"not_picked":["Fission+1","Reboot+1"],"picked":"Core Surge","floor":16.0},{"not_picked":["Rebound","Stack+1","Barrage"],"picked":"Singing Bowl","floor":18.0},{"not_picked":["Compile Driver","Ball Lightning+1","FTL+1"],"picked":"Singing Bowl","floor":20.0},{"not_picked":["Cold Snap","Barrage","Streamline+1"],"picked":"Singing Bowl","floor":21.0},{"not_picked":["Cold Snap","Conserve Battery+1"],"picked":"Seek+1","floor":22.0},{"not_picked":["Cold Snap","Thunder Strike","Barrage"],"picked":"Singing Bowl","floor":28},{"not_picked":["Barrage","Genetic Algorithm+1"],"picked":"Consume+1","floor":31},{"not_picked":["Hologram+1","Scrape","Steam+1"],"picked":"Singing Bowl","floor":32},{"not_picked":["Amplify+1","Fission+1"],"picked":"Reboot+1","floor":33},{"not_picked":["Doom and Gloom","FTL","Cold Snap"],"picked":"Singing Bowl","floor":35},{"not_picked":["Thinking Ahead+1","Forethought+1"],"picked":"PanicButton+1","floor":36},{"not_picked":["Steam+1","Loop"],"picked":"Turbo+1","floor":37},{"not_picked":["Leap+1","Reprogram+1"],"picked":"Buffer","floor":40},{"not_picked":["Steam+1","Self Repair"],"picked":"Glacier+1","floor":42},{"not_picked":["Ball Lightning+1","Auto Shields+1","Cold Snap+1"],"picked":"Singing Bowl","floor":46},{"not_picked":["Darkness+1","FTL","Force Field+1"],"picked":"Singing Bowl","floor":48}],"player_experience":327138,"relics_obtained":[{"floor":5.0,"key":"Toxic Egg 2"},{"floor":7.0,"key":"Happy Flower"},{"floor":9.0,"key":"Singing Bowl"},{"floor":11.0,"key":"PreservedInsect"},{"floor":26.0,"key":"HornCleat"},{"floor":28,"key":"Dream Catcher"},{"floor":34,"key":"Kunai"},{"floor":34,"key":"Vajra"},{"floor":34,"key":"Thread and Needle"},{"floor":40,"key":"Bottled Lightning"},{"floor":43,"key":"Darkstone Periapt"},{"floor":47,"key":"Sundial"}],"event_choices":[{"cards_removed":["Strike_B"],"damage_healed":0.0,"max_hp_gain":0.0,"max_hp_loss":0.0,"gold_gain":0.0,"event_name":"Golden Wing","player_choice":"Card Removal","floor":4.0,"gold_loss":0.0,"damage_taken":7.0},{"cards_removed":["Dualcast"],"damage_healed":0.0,"max_hp_gain":0.0,"max_hp_loss":0.0,"gold_gain":0.0,"event_name":"Beggar","player_choice":"Gave Gold","floor":24.0,"gold_loss":75.0,"damage_taken":0.0},{"damage_healed":0,"gold_gain":0,"player_choice":"Ignored","damage_taken":0,"max_hp_gain":0,"max_hp_loss":0,"event_name":"The Mausoleum","floor":27,"gold_loss":0},{"damage_healed":0,"gold_gain":50,"player_choice":"Touch","damage_taken":8,"max_hp_gain":0,"max_hp_loss":0,"event_name":"FaceTrader","floor":29,"gold_loss":0},{"damage_healed":0,"gold_gain":0,"player_choice":"Memory 1","damage_taken":0,"max_hp_gain":0,"max_hp_loss":0,"event_name":"SensoryStone","floor":36,"gold_loss":0},{"damage_healed":0,"gold_gain":0,"player_choice":"Paid","damage_taken":0,"relics_obtained":["Red Mask"],"max_hp_gain":0,"max_hp_loss":0,"event_name":"Tomb of Lord Red Mask","floor":39,"gold_loss":36},{"damage_healed":0,"gold_gain":0,"player_choice":"Ignored","damage_taken":0,"max_hp_gain":0,"max_hp_loss":0,"event_name":"Mysterious Sphere","floor":44,"gold_loss":0}],"is_beta":false,"boss_relics":[{"not_picked":["Nuclear Battery","Empty Cage"],"picked":"Pandora\u0027s Box"},{"not_picked":["Snecko Eye","Philosopher\u0027s Stone"],"picked":"Calling Bell"}],"items_purged_floors":[13,38],"is_endless":false,"potions_floor_spawned":[1,8,14,22,28,33,40,42,48],"ascension_level":16}