{"gold_per_floor":[116,131,206,206,20,48,68,83,83,95,20,20,35,35,35,107,107,86,105,131,131,131,131,150,66,66,66],"floor_reached":27,"playtime":996,"items_purged":["Defend_B"],"score":440,"play_id":"634504d9-8ff1-4f20-83d5-0075ae3ca6fb","local_time":"20200320140107","is_ascension_mode":true,"campfire_choices":[{"data":"Capacitor","floor":12,"key":"SMITH"},{"data":"Buffer","floor":15,"key":"SMITH"},{"floor":23,"key":"REST"}],"neow_cost":"NONE","seed_source_timestamp":11989250867600,"circlet_count":0,"master_deck":["AscendersBane","Strike_B","Strike_B","Strike_B","Strike_B","Zap","Dualcast","Cold Snap","Capacitor+1","Cold Snap","Consume+1","Steam Power","Glacier","Buffer+1","Reboot","Turbo+1","Auto Shields+1","White Noise+1","Coolheaded+1","Seek","Decay","Blizzard"],"relics":["Cracked Core","NeowsBlessing","MealTicket","DataDisk","CaptainsWheel","Singing Bowl","Astrolabe","Red Mask","Ornamental Fan"],"potions_floor_usage":[8,18,20],"damage_taken":[{"damage":0,"enemies":"Jaw Worm","floor":1,"turns":1},{"damage":0,"enemies":"Small Slimes","floor":2,"turns":1},{"damage":0,"enemies":"Gremlin Nob","floor":6,"turns":1},{"damage":1,"enemies":"Cultist","floor":7,"turns":3},{"damage":15,"enemies":"Exordium Thugs","floor":8,"turns":6},{"damage":0,"enemies":"Blue Slaver","floor":10,"turns":5},{"damage":9,"enemies":"Large Slime","floor":13,"turns":7},{"damage":8,"enemies":"Slime Boss","floor":16,"turns":16},{"damage":6,"enemies":"2 Thieves","floor":18,"turns":4},{"damage":0,"enemies":"Spheric Guardian","floor":19,"turns":8},{"damage":35,"enemies":"Masked Bandits","floor":20,"turns":8},{"damage":0,"enemies":"Chosen and Byrds","floor":24,"turns":4},{"damage":80,"enemies":"Gremlin Leader","floor":27,"turns":10}],"seed_played":"1596135693943031069","potions_obtained":[{"floor":2,"key":"CultistPotion"},{"floor":7,"key":"Regen Potion"},{"floor":8,"key":"CultistPotion"},{"floor":13,"key":"Energy Potion"},{"floor":16,"key":"Dexterity Potion"},{"floor":18,"key":"GamblersBrew"},{"floor":20,"key":"PotionOfCapacity"}],"is_trial":false,"path_per_floor":["M","M","?","?","$","E","M","M","T","M","$","R","M","?","R","B",null,"M","M","?","?","?","R","M","$","T","E"],"character_chosen":"DEFECT","items_purchased":["DataDisk","Cold Snap","Blizzard"],"campfire_rested":1,"item_purchase_floors":[5,5,25],"current_hp_per_floor":[64,64,53,53,68,68,67,65,65,67,73,73,64,64,64,56,69,63,63,30,30,30,52,54,69,69,0],"gold":66,"neow_bonus":"THREE_ENEMY_KILL","is_prod":false,"is_daily":false,"chose_seed":false,"campfire_upgraded":2,"win_rate":0,"timestamp":1584694867,"path_taken":["M","M","?","?","$","E","?","M","T","M","?","R","M","?","R","BOSS","M","M","?","?","?","R","?","?","T","E"],"build_version":"2020-01-14","purchased_purges":1,"victory":false,"max_hp_per_floor":[71,71,71,71,71,71,71,71,71,73,73,73,73,73,73,73,73,73,73,75,75,75,75,77,77,77,77],"card_choices":[{"not_picked":["Barrage","Turbo"],"picked":"Cold Snap","floor":1},{"not_picked":["Hologram","Compile Driver"],"picked":"Capacitor","floor":2},{"not_picked":["Sweeping Beam","Stack"],"picked":"Consume","floor":6},{"not_picked":["Lockon","Beam Cell"],"picked":"Steam Power","floor":7},{"not_picked":["Skim","Buffer"],"picked":"Glacier","floor":8},{"not_picked":["Hologram","Cold Snap","Steam"],"picked":"Singing Bowl","floor":10},{"not_picked":["Fusion","Barrage"],"picked":"Buffer","floor":13},{"not_picked":["Creative AI","Seek"],"picked":"Reboot","floor":16},{"not_picked":["Beam Cell","Compile Driver"],"picked":"Coolheaded+1","floor":18},{"not_picked":["Stack","Fusion"],"picked":"Seek","floor":19},{"not_picked":["Go for the Eyes","Storm","Scrape"],"picked":"Singing Bowl","floor":20},{"not_picked":["Steam","Gash","Skim"],"picked":"Singing Bowl","floor":24}],"player_experience":333860,"relics_obtained":[{"floor":6,"key":"CaptainsWheel"},{"floor":9,"key":"Singing Bowl"},{"floor":20,"key":"Red Mask"},{"floor":26,"key":"Ornamental Fan"}],"event_choices":[{"damage_healed":0,"gold_gain":75,"player_choice":"Gather Gold","damage_taken":11,"max_hp_gain":0,"max_hp_loss":0,"event_name":"World of Goop","floor":3,"gold_loss":0},{"damage_healed":0,"gold_gain":0,"player_choice":"Gave Potion","damage_taken":0,"relics_obtained":["MealTicket"],"max_hp_gain":0,"max_hp_loss":0,"event_name":"WeMeetAgain","floor":4,"gold_loss":0},{"damage_healed":0,"gold_gain":0,"player_choice":"Searched \u00270\u0027 times","damage_taken":0,"max_hp_gain":0,"max_hp_loss":0,"event_name":"Dead Adventurer","floor":14,"gold_loss":0},{"damage_healed":0,"gold_gain":0,"player_choice":"Fought Bandits","damage_taken":0,"max_hp_gain":0,"max_hp_loss":0,"event_name":"Masked Bandits","floor":20,"gold_loss":0},{"damage_healed":0,"gold_gain":0,"player_choice":"Smashed Altar","damage_taken":0,"max_hp_gain":0,"max_hp_loss":0,"event_name":"Forgotten Altar","floor":21,"gold_loss":0,"cards_obtained":["Decay"]},{"damage_healed":0,"gold_gain":0,"player_choice":"Forge","damage_taken":0,"max_hp_gain":0,"max_hp_loss":0,"event_name":"Accursed Blacksmith","floor":22,"gold_loss":0,"cards_upgraded":["Consume"]}],"is_beta":false,"boss_relics":[{"not_picked":["Cursed Key","Fusion Hammer"],"picked":"Astrolabe"}],"items_purged_floors":[11],"is_endless":false,"potions_floor_spawned":[2,7,8,13,16,18,20],"killed_by":"Gremlin Leader","ascension_level":17}