{"gold_per_floor":[114,114,164,177,24,24,99,99,99,54,54,74,84,97,97,171,171,191,207,207,4,4],"floor_reached":22,"playtime":535,"items_purged":["Defend_B","Decay"],"score":322,"play_id":"c8e79366-5e80-4d69-a0c2-f0f27532fd7d","local_time":"20200320153852","is_ascension_mode":true,"campfire_choices":[{"data":"White Noise","floor":6,"key":"SMITH"},{"floor":8,"key":"REST"},{"data":"Ball Lightning","floor":15,"key":"SMITH"}],"neow_cost":"NONE","seed_source_timestamp":18315968334100,"circlet_count":0,"master_deck":["AscendersBane","Strike_B","Strike_B+1","Strike_B","Defend_B","Defend_B+1","Zap","Dualcast","Steam","Ball Lightning+1","Conserve Battery","White Noise+1","Reinforced Body","Gash","Coolheaded","All For One","CurseOfTheBell","Steam","Gash","Gash"],"relics":["Cracked Core","Blood Vial","Pen Nib","Calling Bell","Ice Cream","Frozen Egg 2","Potion Belt"],"potions_floor_usage":[18,18,22,22],"damage_taken":[{"damage":0,"enemies":"2 Louse","floor":1,"turns":2},{"damage":0,"enemies":"Jaw Worm","floor":4,"turns":2},{"damage":3,"enemies":"Small Slimes","floor":12,"turns":3},{"damage":1,"enemies":"Exordium Thugs","floor":13,"turns":4},{"damage":0,"enemies":"2 Fungi Beasts","floor":14,"turns":3},{"damage":10,"enemies":"The Guardian","floor":16,"turns":13},{"damage":37,"enemies":"3 Byrds","floor":18,"turns":5},{"damage":21,"enemies":"2 Thieves","floor":19,"turns":5},{"damage":20,"enemies":"Snake Plant","floor":22,"turns":2}],"seed_played":"8498106423749546676","potions_obtained":[{"floor":12,"key":"PowerPotion"},{"floor":13,"key":"Explosive Potion"},{"floor":16,"key":"LiquidMemories"},{"floor":18,"key":"Dexterity Potion"},{"floor":19,"key":"GamblersBrew"}],"is_trial":false,"path_per_floor":["M","?","T","M","$","R","?","R","T","$","?","M","M","M","R","B",null,"M","M","?","$","M"],"character_chosen":"DEFECT","items_purchased":["White Noise","Reinforced Body","Gash","PowerPotion"],"campfire_rested":1,"item_purchase_floors":[5,10,21,21],"current_hp_per_floor":[64,43,43,45,45,45,34,55,55,55,55,54,55,57,57,49,66,31,12,12,12,0],"gold":4,"neow_bonus":"TRANSFORM_CARD","is_prod":false,"is_daily":false,"chose_seed":false,"campfire_upgraded":2,"win_rate":0,"timestamp":1584700732,"path_taken":["M","?","?","?","$","R","?","R","T","$","?","?","M","M","R","BOSS","M","?","?","$","M"],"build_version":"2020-01-14","purchased_purges":2,"victory":false,"max_hp_per_floor":[71,71,71,71,71,71,71,71,71,71,71,71,71,71,71,71,71,71,71,71,71,71],"card_choices":[{"not_picked":["Sunder","Undo"],"picked":"Ball Lightning","floor":1},{"not_picked":["Hologram","Go for the Eyes"],"picked":"Conserve Battery","floor":4},{"not_picked":["Turbo","Rebound","Hologram"],"picked":"SKIP","floor":12},{"not_picked":["Redo","Recycle"],"picked":"Gash","floor":13},{"not_picked":["Stack","Leap"],"picked":"Coolheaded","floor":14},{"not_picked":["Echo Form","Core Surge"],"picked":"All For One","floor":16},{"not_picked":["Redo","Capacitor+1"],"picked":"Steam","floor":18},{"not_picked":["Conserve Battery","FTL"],"picked":"Gash","floor":19}],"player_experience":335472,"relics_obtained":[{"floor":3,"key":"Blood Vial"},{"floor":9,"key":"Pen Nib"},{"floor":17,"key":"Ice Cream"},{"floor":17,"key":"Frozen Egg 2"},{"floor":17,"key":"Potion Belt"}],"event_choices":[{"damage_healed":0,"gold_gain":0,"player_choice":"Entered Light","damage_taken":21,"max_hp_gain":0,"max_hp_loss":0,"event_name":"Shining Light","floor":2,"gold_loss":0,"cards_upgraded":["Strike_B","Defend_B"]},{"damage_healed":0,"gold_gain":75,"player_choice":"Gather Gold","damage_taken":11,"max_hp_gain":0,"max_hp_loss":0,"event_name":"World of Goop","floor":7,"gold_loss":0},{"cards_removed":["Defend_B"],"damage_healed":0,"gold_gain":0,"player_choice":"Offered Basic","damage_taken":0,"max_hp_gain":0,"max_hp_loss":0,"event_name":"Bonfire Elementals","floor":11,"gold_loss":0},{"damage_healed":0,"gold_gain":0,"player_choice":"Smashed Altar","damage_taken":0,"max_hp_gain":0,"max_hp_loss":0,"event_name":"Forgotten Altar","floor":20,"gold_loss":0,"cards_obtained":["Decay"]}],"is_beta":false,"boss_relics":[{"not_picked":["SlaversCollar","Busted Crown"],"picked":"Calling Bell"}],"items_purged_floors":[5,21],"is_endless":false,"potions_floor_spawned":[12,13,16,18,19],"killed_by":"Snake Plant","ascension_level":17}