{"gold_per_floor":[119,38,38,53,66,66,66,66,66,86,86,99,99,112,112,189,189,205,130,45,63,63,63,77,77,104,116,116,116],"floor_reached":29,"playtime":812,"items_purged":[],"score":419,"play_id":"01b1a6d9-3830-4651-a9fe-302379093df4","local_time":"20200325190716","is_ascension_mode":true,"campfire_choices":[{"data":"Defragment","floor":6.0,"key":"SMITH"},{"data":"Chill","floor":11.0,"key":"SMITH"},{"data":"Blizzard","floor":13.0,"key":"SMITH"},{"data":"Dualcast","floor":15.0,"key":"SMITH"},{"floor":23,"key":"REST"},{"floor":28,"key":"REST"}],"neow_cost":"NONE","seed_source_timestamp":33053657964000,"circlet_count":0,"master_deck":["AscendersBane","Strike_B","Strike_B","Defend_B","Defend_B","Zap","Dualcast+1","Amplify","Blizzard+1","Defragment+1","Chill+1","Ball Lightning","Electrodynamics","Rainbow","Loop","Double Energy","Doom and Gloom","Reboot"],"special_seed":0,"relics":["Cracked Core","Ginger","Runic Pyramid","Blood Vial"],"potions_floor_usage":[24,27,29],"damage_taken":[{"damage":2.0,"enemies":"Jaw Worm","floor":1.0,"turns":3.0},{"damage":0.0,"enemies":"2 Louse","floor":4.0,"turns":3.0},{"damage":0.0,"enemies":"Cultist","floor":5.0,"turns":3.0},{"damage":3.0,"enemies":"Blue Slaver","floor":10.0,"turns":2.0},{"damage":4.0,"enemies":"Large Slime","floor":12.0,"turns":9.0},{"damage":0.0,"enemies":"2 Fungi Beasts","floor":14.0,"turns":3.0},{"damage":38.0,"enemies":"Hexaghost","floor":16.0,"turns":8.0},{"damage":19.0,"enemies":"Shell Parasite","floor":18.0,"turns":4.0},{"damage":19,"enemies":"3 Byrds","floor":21,"turns":4},{"damage":7,"enemies":"Snake Plant","floor":24,"turns":4},{"damage":34,"enemies":"Snecko","floor":27,"turns":6},{"damage":32,"enemies":"Colosseum Slavers","floor":29,"turns":3}],"seed_played":"1263589609040132147","potions_obtained":[{"floor":1.0,"key":"PowerPotion"},{"floor":5.0,"key":"Fire Potion"},{"floor":12.0,"key":"LiquidBronze"},{"floor":21,"key":"Block Potion"},{"floor":24,"key":"DuplicationPotion"},{"floor":27,"key":"EssenceOfSteel"}],"is_trial":false,"path_per_floor":["M","$","?","M","M","R","?","$","T","M","R","M","R","M","R","B",null,"M","?","$","M","?","R","M","?","T","M","R","?"],"character_chosen":"DEFECT","items_purchased":["Defragment","Loop"],"campfire_rested":2,"item_purchase_floors":[2,20],"current_hp_per_floor":[62,62,62,62,62,62,62,62,62,59,59,55,55,55,55,17,58,39,39,39,20,20,41,34,34,34,2,23,0],"gold":116,"neow_bonus":"TRANSFORM_CARD","is_prod":false,"is_daily":false,"chose_seed":false,"campfire_upgraded":4,"win_rate":0,"timestamp":1585145236,"path_taken":["M","$","?","M","M","R","?","?","T","M","R","M","R","M","R","BOSS","M","?","$","M","?","R","M","?","T","M","R","?"],"build_version":"2020-01-14","purchased_purges":0,"victory":false,"max_hp_per_floor":[71,71,71,71,71,71,71,71,71,71,71,71,71,71,71,71,71,71,71,71,71,71,71,71,71,71,71,71,71],"card_choices":[{"not_picked":["Conserve Battery","Beam Cell"],"picked":"Blizzard","floor":1.0},{"not_picked":["Turbo","Streamline","Genetic Algorithm"],"picked":"SKIP","floor":4.0},{"not_picked":["Go for the Eyes","Gash","Reprogram"],"picked":"SKIP","floor":5.0},{"not_picked":["Rebound","Cold Snap"],"picked":"Chill","floor":10.0},{"not_picked":["Conserve Battery","FTL"],"picked":"Ball Lightning","floor":12.0},{"not_picked":["Steam","Turbo"],"picked":"Electrodynamics","floor":14.0},{"not_picked":["Thunder Strike","Multi-Cast"],"picked":"Rainbow","floor":16.0},{"not_picked":["Hello World","Storm","Ball Lightning"],"picked":"SKIP","floor":18.0},{"not_picked":["Stack","Streamline"],"picked":"Double Energy","floor":21},{"not_picked":["Hologram","Streamline","Compile Driver"],"picked":"SKIP","floor":24},{"not_picked":["Sweeping Beam","Streamline","Hello World"],"picked":"SKIP","floor":27}],"player_experience":354609,"relics_obtained":[{"floor":9.0,"key":"Ginger"},{"floor":26,"key":"Blood Vial"}],"event_choices":[{"damage_healed":0.0,"max_hp_gain":0.0,"max_hp_loss":0.0,"gold_gain":0.0,"event_name":"Liars Game","player_choice":"Ignored","floor":3.0,"gold_loss":0.0,"damage_taken":0.0},{"damage_healed":0.0,"max_hp_gain":0.0,"max_hp_loss":0.0,"gold_gain":0.0,"event_name":"Dead Adventurer","player_choice":"Searched \u00270\u0027 times","floor":7.0,"gold_loss":0.0,"damage_taken":0.0},{"cards_removed":["Strike_B"],"damage_healed":0.0,"max_hp_gain":0.0,"max_hp_loss":0.0,"gold_gain":0.0,"event_name":"Beggar","player_choice":"Gave Gold","floor":19.0,"gold_loss":75.0,"damage_taken":0.0},{"damage_healed":0,"gold_gain":0,"cards_transformed":["Defend_B","Defend_B"],"player_choice":"Became Test Subject","damage_taken":0,"max_hp_gain":0,"max_hp_loss":0,"event_name":"Drug Dealer","floor":22,"gold_loss":0,"cards_obtained":["Doom and Gloom","Reboot"]},{"damage_healed":0,"gold_gain":0,"player_choice":"Fight","damage_taken":0,"max_hp_gain":0,"max_hp_loss":0,"event_name":"Colosseum","floor":29,"gold_loss":0}],"is_beta":false,"boss_relics":[{"not_picked":["Tiny House","Coffee Dripper"],"picked":"Runic Pyramid"}],"items_purged_floors":[],"is_endless":false,"potions_floor_spawned":[1,5,12,21,24,27],"killed_by":"Colosseum Slavers","ascension_level":19}