{"gold_per_floor":[116,166,183,108,108,138,157,157,157,157,176,195,195,195,195,195],"floor_reached":16,"playtime":307,"items_purged":["Strike_B"],"score":244,"play_id":"ad24df82-eec4-442a-b13b-72de422528c0","local_time":"20200325185320","is_ascension_mode":true,"campfire_choices":[{"data":"Consume","floor":8.0,"key":"SMITH"},{"data":"Chill","floor":10.0,"key":"SMITH"},{"data":"Steam Power","floor":13.0,"key":"SMITH"},{"data":"Dualcast","floor":15,"key":"SMITH"}],"neow_cost":"NONE","seed_source_timestamp":32729382874100,"circlet_count":0,"master_deck":["AscendersBane","Strike_B","Strike_B","Strike_B","Defend_B","Defend_B+1","Defend_B+1","Defend_B","Zap","Dualcast+1","Consume+1","Chill+1","Steam Power+1"],"special_seed":0,"relics":["Cracked Core","NeowsBlessing","Gremlin Horn","Pear"],"potions_floor_usage":[16,16,16],"damage_taken":[{"damage":0.0,"enemies":"Cultist","floor":1.0,"turns":1.0},{"damage":0.0,"enemies":"Small Slimes","floor":3.0,"turns":1.0},{"damage":0.0,"enemies":"Gremlin Nob","floor":6.0,"turns":1.0},{"damage":3.0,"enemies":"2 Louse","floor":7.0,"turns":2.0},{"damage":1.0,"enemies":"2 Fungi Beasts","floor":11.0,"turns":3.0},{"damage":0.0,"enemies":"Exordium Wildlife","floor":12.0,"turns":3.0},{"damage":44,"enemies":"Hexaghost","floor":16,"turns":9}],"seed_played":"-5239097894292634479","potions_obtained":[{"floor":3.0,"key":"ColorlessPotion"},{"floor":11.0,"key":"EntropicBrew"},{"floor":12.0,"key":"PowerPotion"}],"is_trial":false,"path_per_floor":["M","?","M","$","?","E","M","R","T","R","M","M","R","?","R","B"],"character_chosen":"DEFECT","items_purchased":[],"campfire_rested":0,"item_purchase_floors":[],"current_hp_per_floor":[64,57,57,57,62,62,59,59,69,69,68,68,68,42,42,0],"gold":195,"neow_bonus":"THREE_ENEMY_KILL","is_prod":false,"is_daily":false,"chose_seed":false,"campfire_upgraded":4,"win_rate":0,"timestamp":1585144400,"path_taken":["M","?","M","?","?","E","M","R","T","R","M","M","R","?","R","BOSS"],"build_version":"2020-01-14","purchased_purges":1,"victory":false,"max_hp_per_floor":[71,71,71,71,76,76,76,76,86,86,86,86,86,86,86,86],"card_choices":[{"not_picked":["Beam Cell","Skim","Sweeping Beam"],"picked":"SKIP","floor":1.0},{"not_picked":["Steam","Ball Lightning","Gash"],"picked":"SKIP","floor":3.0},{"not_picked":["Ball Lightning","Rip and Tear"],"picked":"Consume","floor":6.0},{"not_picked":["Leap","Go for the Eyes"],"picked":"Chill","floor":7.0},{"not_picked":["Static Discharge","Aggregate","Consume"],"picked":"SKIP","floor":11.0},{"not_picked":["Beam Cell","Turbo"],"picked":"Steam Power","floor":12.0}],"player_experience":354302,"relics_obtained":[{"floor":6.0,"key":"Gremlin Horn"},{"floor":9.0,"key":"Pear"}],"event_choices":[{"damage_healed":0.0,"max_hp_gain":0.0,"max_hp_loss":0.0,"gold_gain":50.0,"event_name":"FaceTrader","player_choice":"Touch","floor":2.0,"gold_loss":0.0,"damage_taken":7.0},{"damage_healed":0.0,"max_hp_gain":5.0,"max_hp_loss":0.0,"gold_gain":0.0,"event_name":"Big Fish","player_choice":"Donut","floor":5.0,"gold_loss":0.0,"damage_taken":0.0},{"damage_healed":0.0,"max_hp_gain":0.0,"max_hp_loss":0.0,"gold_gain":0.0,"event_name":"Shining Light","player_choice":"Entered Light","floor":14.0,"gold_loss":0.0,"damage_taken":26.0,"cards_upgraded":["Defend_B","Defend_B"]}],"is_beta":false,"boss_relics":[],"items_purged_floors":[4],"is_endless":false,"potions_floor_spawned":[3,11,12],"killed_by":"Hexaghost","ascension_level":19}