{"gold_per_floor":[111,129,129,140,153,153,183,183,208,208,221,146,159,179,179,179],"floor_reached":16,"playtime":437,"items_purged":["Defend_B"],"score":203,"play_id":"8a20ad3a-fd48-40bf-bea7-6a81834b1455","local_time":"20200325184117","is_ascension_mode":true,"campfire_choices":[{"data":"Dualcast","floor":6,"key":"SMITH"},{"floor":8,"key":"REST"},{"data":"Tempest","floor":15,"key":"SMITH"}],"neow_cost":"NONE","seed_source_timestamp":31833981782700,"circlet_count":0,"master_deck":["AscendersBane","Strike_B","Strike_B","Strike_B","Defend_B","Defend_B","Zap","Dualcast+1","Tempest","Reinforced Body","Heatsinks","Tempest+1","Conserve Battery","Coolheaded"],"special_seed":0,"relics":["Cracked Core","Orichalcum","Vajra","Regal Pillow"],"potions_floor_usage":[7,16,16],"damage_taken":[{"damage":7.0,"enemies":"Small Slimes","floor":1.0,"turns":4.0},{"damage":0.0,"enemies":"Cultist","floor":2.0,"turns":3.0},{"damage":1,"enemies":"Jaw Worm","floor":4,"turns":3},{"damage":5,"enemies":"Exordium Wildlife","floor":5,"turns":3},{"damage":24,"enemies":"Gremlin Nob","floor":7,"turns":4},{"damage":5,"enemies":"2 Fungi Beasts","floor":11,"turns":3},{"damage":4,"enemies":"Looter","floor":13,"turns":3},{"damage":3,"enemies":"Blue Slaver","floor":14,"turns":4},{"damage":23,"enemies":"Hexaghost","floor":16,"turns":9}],"seed_played":"7074468670518939631","potions_obtained":[{"floor":1.0,"key":"FearPotion"},{"floor":7,"key":"GamblersBrew"},{"floor":11,"key":"Weak Potion"},{"floor":13,"key":"Fire Potion"}],"is_trial":false,"path_per_floor":["M","M","?","M","M","R","E","R","T","?","M","$","M","M","R","B"],"character_chosen":"DEFECT","items_purchased":[],"campfire_rested":1,"item_purchase_floors":[],"current_hp_per_floor":[57,57,57,56,51,51,27,48,48,41,36,36,32,29,29,6],"gold":179,"neow_bonus":"RANDOM_COMMON_RELIC","is_prod":false,"is_daily":false,"chose_seed":false,"campfire_upgraded":2,"win_rate":0,"timestamp":1585143677,"path_taken":["M","M","?","?","?","R","E","R","T","?","M","$","M","M","R","BOSS"],"build_version":"2020-01-14","purchased_purges":1,"victory":false,"max_hp_per_floor":[71,71,71,71,71,71,71,71,71,71,71,71,71,71,71,71],"card_choices":[{"not_picked":["Compile Driver","Streamline"],"picked":"Tempest","floor":1.0},{"not_picked":["Stack","Hologram"],"picked":"Reinforced Body","floor":2.0},{"not_picked":["Go for the Eyes","Sweeping Beam"],"picked":"Tempest","floor":4},{"not_picked":["Streamline","Ball Lightning"],"picked":"Conserve Battery","floor":5},{"not_picked":["Barrage","Auto Shields","Hyperbeam"],"picked":"SKIP","floor":7},{"not_picked":["Beam Cell","Leap","Sweeping Beam"],"picked":"SKIP","floor":11},{"not_picked":["Redo","Sweeping Beam","Leap"],"picked":"SKIP","floor":13},{"not_picked":["Barrage","Ball Lightning"],"picked":"Coolheaded","floor":14}],"player_experience":353495,"relics_obtained":[{"floor":7,"key":"Vajra"},{"floor":9,"key":"Regal Pillow"}],"event_choices":[{"damage_healed":0.0,"max_hp_gain":0.0,"max_hp_loss":0.0,"gold_gain":0.0,"cards_transformed":["Strike_B"],"event_name":"Transmorgrifier","player_choice":"Transformed","floor":3.0,"gold_loss":0.0,"damage_taken":0.0,"cards_obtained":["Heatsinks"]},{"cards_removed":["Defend_B"],"damage_healed":0,"gold_gain":0,"player_choice":"Card Removal","damage_taken":7,"max_hp_gain":0,"max_hp_loss":0,"event_name":"Golden Wing","floor":10,"gold_loss":0}],"is_beta":false,"boss_relics":[],"items_purged_floors":[12],"is_endless":false,"potions_floor_spawned":[1,7,11,13],"killed_by":"Hexaghost","ascension_level":19}