{"gold_per_floor":[112,38,50,66,78,78,78,78,78,98,23,35,35,48,48,48],"floor_reached":16,"playtime":369,"items_purged":["Defend_B"],"score":183,"play_id":"9df160f9-8bee-4998-b513-ab9d4b6a54cb","local_time":"20200325145842","is_ascension_mode":true,"campfire_choices":[{"data":"Steam Power","floor":6,"key":"SMITH"},{"data":"Dualcast","floor":8,"key":"SMITH"},{"data":"Streamline","floor":15,"key":"SMITH"}],"neow_cost":"NONE","seed_source_timestamp":18598069862900,"circlet_count":0,"master_deck":["AscendersBane","Strike_B","Strike_B","Strike_B","Strike_B","Defend_B","Defend_B","Defend_B","Zap","Dualcast+1","Steam Power+1","Coolheaded","Streamline+1","Steam"],"relics":["Cracked Core","Blood Vial","Sundial","Kunai"],"potions_floor_usage":[16,16],"damage_taken":[{"damage":5,"enemies":"Small Slimes","floor":1,"turns":3},{"damage":2,"enemies":"Cultist","floor":3,"turns":4},{"damage":9,"enemies":"Jaw Worm","floor":4,"turns":4},{"damage":10,"enemies":"2 Fungi Beasts","floor":5,"turns":3},{"damage":15,"enemies":"Exordium Thugs","floor":10,"turns":6},{"damage":5,"enemies":"Looter","floor":12,"turns":4},{"damage":9,"enemies":"Red Slaver","floor":14,"turns":3},{"damage":35,"enemies":"Slime Boss","floor":16,"turns":6}],"seed_played":"5769365296480571244","potions_obtained":[{"floor":3,"key":"Swift Potion"},{"floor":7,"key":"DistilledChaos"},{"floor":7,"key":"DuplicationPotion"}],"is_trial":false,"path_per_floor":["M","?","M","M","M","R","?","R","T","M","$","M","$","M","R","B"],"character_chosen":"DEFECT","items_purchased":[],"campfire_rested":0,"item_purchase_floors":[],"current_hp_per_floor":[61,61,61,54,46,46,46,46,46,33,33,30,30,23,23,0],"gold":48,"neow_bonus":"RANDOM_COMMON_RELIC","is_prod":false,"is_daily":false,"chose_seed":false,"campfire_upgraded":3,"win_rate":0,"timestamp":1585130322,"path_taken":["M","?","M","?","M","R","?","R","T","M","?","M","$","M","R","BOSS"],"build_version":"2020-01-14","purchased_purges":1,"victory":false,"max_hp_per_floor":[71,71,71,71,71,71,71,71,71,71,71,71,71,71,71,71],"card_choices":[{"not_picked":["Leap","Steam","Sweeping Beam"],"picked":"SKIP","floor":1},{"not_picked":["Beam Cell","Hologram","Compile Driver"],"picked":"SKIP","floor":3},{"not_picked":["Skim","Rebound","Compile Driver"],"picked":"SKIP","floor":4},{"not_picked":["Conserve Battery","Gash"],"picked":"Steam Power","floor":5},{"not_picked":["Cold Snap","Rip and Tear"],"picked":"Coolheaded","floor":10},{"not_picked":["Cold Snap","Steam"],"picked":"Streamline","floor":12},{"not_picked":["Stack","Skim"],"picked":"Steam","floor":14}],"player_experience":351655,"relics_obtained":[{"floor":9,"key":"Kunai"}],"event_choices":[{"damage_healed":0,"gold_gain":0,"player_choice":"Paid Gold","damage_taken":0,"relics_obtained":["Sundial"],"max_hp_gain":0,"max_hp_loss":0,"event_name":"WeMeetAgain","floor":2,"gold_loss":74},{"damage_healed":0,"gold_gain":0,"player_choice":"Got Potions","damage_taken":0,"max_hp_gain":0,"max_hp_loss":0,"event_name":"Lab","floor":7,"gold_loss":0}],"is_beta":false,"boss_relics":[],"items_purged_floors":[11],"is_endless":false,"potions_floor_spawned":[3,12,14],"killed_by":"Slime Boss","ascension_level":19}