{"gold_per_floor":[116,134,134,154,79,79,79,93,93,113,8,36,54,66,66,137,137,154,171,191,22,35,46,46,46,95,111,111,311,311,325,325,402,402,416,416,416,429,504,504],"floor_reached":40,"playtime":1455,"items_purged":[],"score":764,"play_id":"f1de9c37-f8c2-4ef5-918f-d66a61bfdc43","local_time":"20200325152403","is_ascension_mode":true,"campfire_choices":[{"data":"Zap","floor":6.0,"key":"SMITH"},{"floor":15.0,"key":"REST"},{"data":"Defragment","floor":25,"key":"SMITH"},{"data":"Blind","floor":28,"key":"SMITH"},{"data":"Rainbow","floor":30,"key":"SMITH"},{"floor":32,"key":"REST"}],"neow_cost":"NONE","seed_source_timestamp":18975722049800,"circlet_count":0,"master_deck":["AscendersBane","Strike_B","Defend_B","Defend_B","Zap+1","Dualcast","Glacier+1","Ball Lightning","Cold Snap","Capacitor","Electrodynamics","Blind+1","Defragment+1","Rainbow+1","Undo","Defragment","Defragment","Consume","Steam Power"],"special_seed":0,"relics":["Black Star","Calipers","StoneCalendar","Centennial Puzzle","Philosopher\u0027s Stone","Lee\u0027s Waffle","Juzu Bracelet","Empty Cage","Akabeko","Question Card"],"potions_floor_usage":[19,19,22,23,33],"damage_taken":[{"damage":10.0,"enemies":"2 Louse","floor":1.0,"turns":4.0},{"damage":7.0,"enemies":"Cultist","floor":2.0,"turns":5.0},{"damage":0.0,"enemies":"Small Slimes","floor":4.0,"turns":2.0},{"damage":0.0,"enemies":"Looter","floor":8.0,"turns":3.0},{"damage":23.0,"enemies":"Gremlin Gang","floor":10.0,"turns":6.0},{"damage":4.0,"enemies":"Gremlin Nob","floor":12.0,"turns":4.0},{"damage":3.0,"enemies":"3 Louse","floor":13.0,"turns":5.0},{"damage":4.0,"enemies":"Exordium Thugs","floor":14.0,"turns":6.0},{"damage":14.0,"enemies":"Slime Boss","floor":16.0,"turns":7.0},{"damage":19.0,"enemies":"2 Thieves","floor":18.0,"turns":2.0},{"damage":8,"enemies":"3 Byrds","floor":19,"turns":2},{"damage":20,"enemies":"Snake Plant","floor":20,"turns":4},{"damage":5,"enemies":"Centurion and Healer","floor":22,"turns":8},{"damage":26,"enemies":"Chosen and Byrds","floor":23,"turns":6},{"damage":18,"enemies":"Snake Plant","floor":27,"turns":5},{"damage":9,"enemies":"Snecko","floor":31,"turns":5},{"damage":6,"enemies":"Automaton","floor":33,"turns":9},{"damage":13,"enemies":"Orb Walker","floor":35,"turns":6},{"damage":29,"enemies":"3 Darklings","floor":38,"turns":4},{"damage":36,"enemies":"Reptomancer","floor":40,"turns":4}],"seed_played":"815369140697049378","potions_obtained":[{"floor":2.0,"key":"Weak Potion"},{"floor":4.0,"key":"EntropicBrew"},{"floor":10.0,"key":"DistilledChaos"},{"floor":13.0,"key":"FairyPotion"},{"floor":19,"key":"SteroidPotion"},{"floor":22,"key":"Regen Potion"},{"floor":27,"key":"FocusPotion"},{"floor":38,"key":"Weak Potion"}],"is_trial":false,"path_per_floor":["M","M","?","M","?","R","?","M","T","M","$","E","M","M","R","B",null,"M","M","M","$","M","M","$","R","T","M","R","?","R","M","R","B",null,"M","?","?","M","T","E"],"character_chosen":"DEFECT","items_purchased":["Blind","Lee\u0027s Waffle"],"campfire_rested":2,"item_purchase_floors":[11,21],"current_hp_per_floor":[54,47,47,47,47,47,47,47,47,24,24,20,17,13,34,20,58,39,31,11,78,73,59,59,59,59,41,41,41,41,32,55,49,71,58,58,58,29,29,0],"gold":504,"neow_bonus":"BOSS_RELIC","is_prod":false,"is_daily":false,"chose_seed":false,"campfire_upgraded":4,"win_rate":0,"timestamp":1585131843,"path_taken":["M","M","?","?","?","R","?","M","T","M","$","E","M","M","R","BOSS","M","M","?","$","M","M","$","R","T","M","R","?","R","M","R","BOSS","M","?","?","M","?","E"],"build_version":"2020-01-14","purchased_purges":0,"victory":false,"max_hp_per_floor":[71,71,71,71,71,71,71,71,71,71,71,71,71,71,71,71,71,71,71,71,78,78,78,78,78,78,78,78,78,78,78,78,78,78,78,78,78,78,78,78],"card_choices":[{"not_picked":["Sweeping Beam","Cold Snap"],"picked":"Glacier","floor":1.0},{"not_picked":["Compile Driver","Sweeping Beam"],"picked":"Ball Lightning","floor":2.0},{"not_picked":["Gash","FTL"],"picked":"Cold Snap","floor":4.0},{"not_picked":["Melter","Self Repair"],"picked":"Capacitor","floor":8.0},{"not_picked":["Hologram","Rip and Tear"],"picked":"Electrodynamics","floor":10.0},{"not_picked":["Stack","Cold Snap","Aggregate"],"picked":"SKIP","floor":12.0},{"not_picked":["Go for the Eyes","Streamline","Redo"],"picked":"SKIP","floor":13.0},{"not_picked":["Skim","Darkness"],"picked":"Defragment","floor":14.0},{"not_picked":["Meteor Strike","Electrodynamics"],"picked":"Rainbow","floor":16.0},{"not_picked":["Beam Cell","Cold Snap","Conserve Battery"],"picked":"SKIP","floor":18.0},{"not_picked":["Cold Snap","Melter","Steam"],"picked":"SKIP","floor":19},{"not_picked":["Beam Cell","Streamline"],"picked":"Undo","floor":20},{"not_picked":["Coolheaded","Ball Lightning"],"picked":"Defragment","floor":22},{"not_picked":["Hologram","Doom and Gloom"],"picked":"Defragment","floor":23},{"not_picked":["Fusion","Biased Cognition","Blizzard"],"picked":"SKIP","floor":27},{"not_picked":["Leap","Beam Cell+1"],"picked":"Consume","floor":31},{"not_picked":["Steam+1","Turbo"],"picked":"Steam Power","floor":35},{"not_picked":["Leap","Turbo","Go for the Eyes"],"picked":"SKIP","floor":38}],"player_experience":352024,"relics_obtained":[{"floor":9.0,"key":"Calipers"},{"floor":12.0,"key":"StoneCalendar"},{"floor":12.0,"key":"Centennial Puzzle"},{"floor":26,"key":"Juzu Bracelet"},{"floor":39,"key":"Question Card"}],"event_choices":[{"damage_healed":0.0,"max_hp_gain":0.0,"max_hp_loss":0.0,"gold_gain":0.0,"event_name":"Accursed Blacksmith","player_choice":"Forge","floor":3.0,"gold_loss":0.0,"damage_taken":0.0,"cards_upgraded":["Glacier"]},{"cards_removed":["Strike_B"],"damage_healed":0.0,"max_hp_gain":0.0,"max_hp_loss":0.0,"gold_gain":0.0,"event_name":"The Cleric","player_choice":"Card Removal","floor":5.0,"gold_loss":75.0,"damage_taken":0.0},{"cards_removed":["Defend_B"],"damage_healed":0.0,"max_hp_gain":0.0,"max_hp_loss":0.0,"gold_gain":0.0,"event_name":"Purifier","player_choice":"Purged","floor":7.0,"gold_loss":0.0,"damage_taken":0.0},{"damage_healed":0,"gold_gain":200,"player_choice":"Gold","damage_taken":0,"max_hp_gain":0,"max_hp_loss":0,"event_name":"Wheel of Change","floor":29,"gold_loss":0},{"damage_healed":0,"gold_gain":0,"player_choice":"Gave Potion","damage_taken":0,"relics_obtained":["Akabeko"],"max_hp_gain":0,"max_hp_loss":0,"event_name":"WeMeetAgain","floor":36,"gold_loss":0},{"cards_removed":["Strike_B"],"damage_healed":0,"gold_gain":0,"player_choice":"Offered Basic","damage_taken":0,"max_hp_gain":0,"max_hp_loss":0,"event_name":"Bonfire Elementals","floor":37,"gold_loss":0}],"is_beta":false,"boss_relics":[{"not_picked":["Snecko Eye","Coffee Dripper"],"picked":"Philosopher\u0027s Stone"},{"not_picked":["SacredBark","Calling Bell"],"picked":"Empty Cage"}],"items_purged_floors":[],"is_endless":false,"potions_floor_spawned":[2,4,10,13,16,19,20,22,27,38],"killed_by":"Reptomancer","ascension_level":19}