{"gold_per_floor":[114,134,59,109,32,32,32,59,59,71,94,94,112,112,112,184,184,197,216,236,255,267,267,279,309,378,393,393,39,39,39,39,116,116,134,134,147,147,174,174,174,192,242,254,266,75,108,108,108,108],"floor_reached":51,"playtime":2311,"items_purged":["Defend_B","Defend_B","Defend_B"],"score":1392,"play_id":"4a9c4d12-3417-463c-b7b0-7b38c89a9317","local_time":"20200324123453","is_ascension_mode":true,"campfire_choices":[{"data":"Defragment","floor":6,"key":"SMITH"},{"data":"Defragment","floor":15,"key":"SMITH"},{"floor":23,"key":"REST"},{"floor":28,"key":"REST"},{"floor":32,"key":"REST"},{"data":"Echo Form","floor":40,"key":"SMITH"},{"data":"Consume","floor":44,"key":"SMITH"},{"floor":49,"key":"REST"}],"neow_cost":"NONE","seed_source_timestamp":4375205528000,"circlet_count":0,"master_deck":["AscendersBane","Strike_B","Strike_B","Strike_B","Strike_B","Zap","Dualcast","Coolheaded","Defragment+1","Defragment+1","Glacier","Echo Form+1","Glacier","Melter","Echo Form+1","Consume+1","Defragment+1","Electrodynamics+1","Glacier"],"relics":["Cracked Core","NeowsBlessing","Symbiotic Virus","Ornamental Fan","Odd Mushroom","Pantograph","Snecko Eye","Frozen Egg 2","Molten Egg 2","DollysMirror","Inserter","Juzu Bracelet","MawBank","Blue Candle"],"potions_floor_usage":[16,25,25,35,50,50],"damage_taken":[{"damage":0,"enemies":"Cultist","floor":1,"turns":1},{"damage":0,"enemies":"2 Louse","floor":2,"turns":1},{"damage":0,"enemies":"3 Sentries","floor":8,"turns":2},{"damage":7,"enemies":"Small Slimes","floor":10,"turns":3},{"damage":17,"enemies":"The Mushroom Lair","floor":11,"turns":7},{"damage":0,"enemies":"2 Fungi Beasts","floor":13,"turns":4},{"damage":21,"enemies":"Slime Boss","floor":16,"turns":12},{"damage":10,"enemies":"3 Byrds","floor":18,"turns":6},{"damage":1,"enemies":"Chosen","floor":19,"turns":5},{"damage":0,"enemies":"Centurion and Healer","floor":20,"turns":12},{"damage":13,"enemies":"Snake Plant","floor":21,"turns":6},{"damage":0,"enemies":"Snecko","floor":22,"turns":6},{"damage":7,"enemies":"Centurion and Healer","floor":24,"turns":9},{"damage":38,"enemies":"Slavers","floor":25,"turns":11},{"damage":3,"enemies":"3 Cultists","floor":27,"turns":7},{"damage":22,"enemies":"Colosseum Slavers","floor":30,"turns":6},{"damage":35,"enemies":"Automaton","floor":33,"turns":19},{"damage":1,"enemies":"3 Shapes","floor":35,"turns":4},{"damage":0,"enemies":"Orb Walker","floor":37,"turns":3},{"damage":9,"enemies":"Writhing Mass","floor":42,"turns":5},{"damage":0,"enemies":"Nemesis","floor":47,"turns":14},{"damage":31,"enemies":"Donu and Deca","floor":50,"turns":6}],"seed_played":"-5639926560380811437","potions_obtained":[{"floor":2,"key":"PowerPotion"},{"floor":8,"key":"BlessingOfTheForge"},{"floor":18,"key":"GamblersBrew"},{"floor":20,"key":"LiquidMemories"},{"floor":21,"key":"DuplicationPotion"},{"floor":25,"key":"SpeedPotion"},{"floor":37,"key":"DuplicationPotion"},{"floor":42,"key":"PowerPotion"}],"is_trial":false,"path_per_floor":["M","M","$","?","$","R","$","E","T","M","?","?","M","?","R","B",null,"M","M","M","M","M","R","M","E","T","M","R","$","?","?","R","B",null,"M","?","M","?","T","R","?","M","T","R","?","$","E","$","R","B",null],"character_chosen":"DEFECT","items_purchased":["Defragment","Consume","DollysMirror","Glacier"],"campfire_rested":4,"item_purchase_floors":[5,29,29,46],"current_hp_per_floor":[64,64,64,57,57,57,57,57,57,50,33,26,26,26,26,30,61,51,50,50,37,37,58,51,13,13,10,31,31,9,9,30,20,58,57,57,57,57,57,57,57,48,48,48,48,48,48,48,67,36],"gold":108,"neow_bonus":"THREE_ENEMY_KILL","is_prod":false,"is_daily":false,"chose_seed":false,"campfire_upgraded":4,"win_rate":0,"timestamp":1585035293,"path_taken":["M","?","$","?","$","R","?","E","T","?","?","?","M","?","R","BOSS","M","M","M","M","M","R","?","E","T","M","R","$","?","?","R","BOSS","M","?","M","?","?","R","?","M","T","R","?","?","E","$","R","BOSS"],"build_version":"2020-01-14","purchased_purges":3,"victory":true,"max_hp_per_floor":[71,71,71,71,71,71,71,71,71,71,71,71,71,71,71,71,71,71,71,71,71,71,71,71,71,71,71,71,71,71,71,71,71,71,71,67,67,67,67,67,67,67,67,67,67,67,67,67,67,67],"card_choices":[{"not_picked":["Aggregate","Beam Cell"],"picked":"Coolheaded","floor":1},{"not_picked":["Streamline","Recycle","Sweeping Beam"],"picked":"SKIP","floor":2},{"not_picked":["Aggregate","Hello World"],"picked":"Defragment","floor":8},{"not_picked":["Sweeping Beam","Storm"],"picked":"Glacier","floor":10},{"not_picked":["Sweeping Beam","Hologram"],"picked":"Double Energy","floor":13},{"not_picked":["Thunder Strike","Rainbow"],"picked":"Echo Form","floor":16},{"not_picked":["Tempest","Go for the Eyes"],"picked":"Glacier","floor":18},{"not_picked":["Sunder","Redo+1","Barrage"],"picked":"SKIP","floor":19},{"not_picked":["Reprogram","Conserve Battery"],"picked":"Melter","floor":20},{"not_picked":["Streamline","Gash","Amplify"],"picked":"SKIP","floor":21},{"not_picked":["Redo","Coolheaded","Cold Snap"],"picked":"SKIP","floor":22},{"not_picked":["Stack","Ball Lightning","Hello World"],"picked":"SKIP","floor":24},{"not_picked":["Gash","Redo"],"picked":"Echo Form+1","floor":25},{"not_picked":["Conserve Battery","Ball Lightning+1","FTL+1"],"picked":"SKIP","floor":27},{"not_picked":["Meteor Strike+1","Buffer+1"],"picked":"Electrodynamics+1","floor":33},{"not_picked":["Gash+1","Coolheaded","Cold Snap+1"],"picked":"SKIP","floor":35},{"not_picked":["FTL+1","Steam","Force Field"],"picked":"SKIP","floor":37},{"not_picked":["Sunder+1","Beam Cell+1","Reprogram+1"],"picked":"SKIP","floor":42},{"not_picked":["Machine Learning+1","Capacitor+1","Rebound+1"],"picked":"SKIP","floor":47}],"player_experience":345280,"relics_obtained":[{"floor":8,"key":"Symbiotic Virus"},{"floor":9,"key":"Ornamental Fan"},{"floor":11,"key":"Odd Mushroom"},{"floor":25,"key":"Frozen Egg 2"},{"floor":26,"key":"Molten Egg 2"},{"floor":39,"key":"Juzu Bracelet"},{"floor":43,"key":"MawBank"},{"floor":47,"key":"Blue Candle"}],"event_choices":[{"damage_healed":0,"gold_gain":50,"player_choice":"Touch","damage_taken":7,"max_hp_gain":0,"max_hp_loss":0,"event_name":"FaceTrader","floor":4,"gold_loss":0},{"damage_healed":0,"gold_gain":0,"player_choice":"Fought Mushrooms","damage_taken":0,"max_hp_gain":0,"max_hp_loss":0,"event_name":"Mushrooms","floor":11,"gold_loss":0},{"cards_removed":["Defend_B"],"damage_healed":0,"gold_gain":0,"player_choice":"Card Removal","damage_taken":7,"max_hp_gain":0,"max_hp_loss":0,"event_name":"Golden Wing","floor":12,"gold_loss":0},{"cards_removed":["Double Energy"],"damage_healed":0,"gold_gain":0,"player_choice":"Gave Card","damage_taken":0,"relics_obtained":["Pantograph"],"max_hp_gain":0,"max_hp_loss":0,"event_name":"WeMeetAgain","floor":14,"gold_loss":0},{"damage_healed":0,"gold_gain":0,"player_choice":"Fight","damage_taken":0,"max_hp_gain":0,"max_hp_loss":0,"event_name":"Colosseum","floor":30,"gold_loss":0},{"damage_healed":0,"gold_gain":0,"player_choice":"Fled From Nobs","damage_taken":0,"max_hp_gain":0,"max_hp_loss":0,"event_name":"Colosseum","floor":30,"gold_loss":0},{"damage_healed":0,"gold_gain":0,"player_choice":"Ignored","damage_taken":0,"max_hp_gain":0,"max_hp_loss":0,"event_name":"Cursed Tome","floor":31,"gold_loss":0},{"damage_healed":0,"gold_gain":0,"player_choice":"Max HP","damage_taken":0,"max_hp_gain":0,"max_hp_loss":4,"event_name":"Winding Halls","floor":36,"gold_loss":0},{"damage_healed":0,"gold_gain":0,"player_choice":"Memory 1","damage_taken":0,"max_hp_gain":0,"max_hp_loss":0,"event_name":"SensoryStone","floor":38,"gold_loss":0},{"damage_healed":0,"gold_gain":0,"player_choice":"Ignored","damage_taken":0,"max_hp_gain":0,"max_hp_loss":0,"event_name":"Tomb of Lord Red Mask","floor":41,"gold_loss":0},{"damage_healed":0,"gold_gain":0,"player_choice":"0 cards matched","damage_taken":0,"max_hp_gain":0,"max_hp_loss":0,"event_name":"Match and Keep!","floor":45,"gold_loss":0,"cards_obtained":[]}],"is_beta":false,"boss_relics":[{"not_picked":["Tiny House","Nuclear Battery"],"picked":"Snecko Eye"},{"not_picked":["Sozu","Black Star"],"picked":"Inserter"}],"items_purged_floors":[3,29,46],"is_endless":false,"potions_floor_spawned":[2,8,11,18,20,21,25,37,42],"ascension_level":18}