{"gold_per_floor":[114,114,39,39,39,39,64,80,103,122,142,142,160,176,176,275,275,290,31,31,52,68,68,11,11,11,11,29,54,74,113,113,203,203,203],"floor_reached":35,"playtime":1242,"items_purged":["Dualcast"],"score":797,"play_id":"ee45a754-8d5d-4cb5-a2f7-944631c7da0a","local_time":"20200324181653","is_ascension_mode":true,"campfire_choices":[{"data":"Go for the Eyes","floor":6,"key":"SMITH"},{"data":"Skim","floor":12,"key":"SMITH"},{"data":"Rebound","floor":15,"key":"SMITH"},{"floor":23,"key":"REST"},{"data":"Reboot","floor":25,"key":"SMITH"},{"floor":27,"key":"REST"},{"data":"Violence","floor":32,"key":"SMITH"}],"neow_cost":"CURSE","seed_source_timestamp":26049804743400,"circlet_count":0,"master_deck":["AscendersBane","Strike_B","Strike_B","Strike_B","Strike_B","Defend_B","Defend_B","Defend_B","Zap","Go for the Eyes+1","Rebound+1","Gash","Gash","Skim+1","Reboot+1","Auto Shields","Violence+1","Gash","Gash","Steam","Glacier","Echo Form"],"relics":["Cracked Core","Kunai","Golden Idol","Bag of Preparation","Inserter","Strawberry","Art of War","SlaversCollar"],"potions_floor_usage":[16,18,33,33],"damage_taken":[{"damage":4,"enemies":"Small Slimes","floor":1,"turns":3},{"damage":7,"enemies":"Jaw Worm","floor":7,"turns":3},{"damage":0,"enemies":"Cultist","floor":8,"turns":3},{"damage":10,"enemies":"Red Slaver","floor":10,"turns":2},{"damage":0,"enemies":"2 Fungi Beasts","floor":11,"turns":2},{"damage":5,"enemies":"Looter","floor":13,"turns":3},{"damage":1,"enemies":"Red Slaver","floor":14,"turns":3},{"damage":20,"enemies":"Slime Boss","floor":16,"turns":8},{"damage":19,"enemies":"3 Byrds","floor":18,"turns":6},{"damage":9,"enemies":"Spheric Guardian","floor":21,"turns":4},{"damage":4,"enemies":"Centurion and Healer","floor":22,"turns":5},{"damage":2,"enemies":"Snake Plant","floor":28,"turns":4},{"damage":7,"enemies":"3 Cultists","floor":29,"turns":5},{"damage":18,"enemies":"Chosen and Byrds","floor":30,"turns":4},{"damage":0,"enemies":"Gremlin Leader","floor":31,"turns":5},{"damage":56,"enemies":"Automaton","floor":33,"turns":10},{"damage":64,"enemies":"3 Darklings","floor":35,"turns":4}],"seed_played":"4726377014075258808","potions_obtained":[{"floor":1,"key":"Fire Potion"},{"floor":7,"key":"ColorlessPotion"},{"floor":13,"key":"Dexterity Potion"},{"floor":16,"key":"SneckoOil"},{"floor":18,"key":"EssenceOfSteel"},{"floor":33,"key":"PotionOfCapacity"}],"is_trial":false,"path_per_floor":["M","?","?","?","?","R","M","M","T","M","M","R","M","M","R","B",null,"M","$","?","M","M","R","$","R","T","R","M","M","M","E","R","B",null,"M"],"character_chosen":"DEFECT","items_purchased":["Violence","Strength Potion"],"campfire_rested":2,"item_purchase_floors":[19,24],"current_hp_per_floor":[74,56,56,56,56,56,49,49,49,39,39,39,34,33,33,13,61,42,42,42,33,29,52,52,52,59,84,82,75,57,57,57,1,63,0],"gold":203,"neow_bonus":"TWENTY_PERCENT_HP_BONUS","is_prod":false,"is_daily":false,"chose_seed":false,"campfire_upgraded":5,"win_rate":0,"timestamp":1585055813,"path_taken":["M","?","?","?","?","R","M","M","T","M","M","R","M","?","R","BOSS","M","$","?","M","?","R","$","R","T","R","M","M","M","E","R","BOSS","M"],"build_version":"2020-01-14","purchased_purges":1,"victory":false,"max_hp_per_floor":[85,85,85,77,77,77,77,77,77,77,77,77,77,77,77,77,77,77,77,77,77,77,77,77,77,84,84,84,84,84,84,84,84,84,84],"card_choices":[{"not_picked":["Cold Snap","Heatsinks"],"picked":"Go for the Eyes","floor":1},{"not_picked":["Stack","Genetic Algorithm"],"picked":"Rebound","floor":7},{"not_picked":["Force Field","Scrape"],"picked":"Gash","floor":8},{"not_picked":["Barrage","Rebound"],"picked":"Gash","floor":10},{"not_picked":["Stack","Coolheaded"],"picked":"Skim","floor":11},{"not_picked":["Core Surge","Rebound","Redo"],"picked":"SKIP","floor":13},{"not_picked":["Barrage","Rip and Tear","Sweeping Beam"],"picked":"SKIP","floor":14},{"not_picked":["Meteor Strike","Amplify"],"picked":"Reboot","floor":16},{"not_picked":["Lockon","Leap"],"picked":"Auto Shields","floor":18},{"not_picked":["Hologram","Coolheaded"],"picked":"Gash","floor":21},{"not_picked":["Sweeping Beam","Auto Shields","Cold Snap"],"picked":"SKIP","floor":22},{"not_picked":["Defragment","Static Discharge"],"picked":"Steam","floor":28},{"not_picked":["Skim","Coolheaded","Redo"],"picked":"SKIP","floor":29},{"not_picked":["Multi-Cast","Tempest"],"picked":"Glacier","floor":30},{"not_picked":["Conserve Battery","Redo","Capacitor"],"picked":"SKIP","floor":31},{"not_picked":["Amplify","Multi-Cast"],"picked":"Echo Form","floor":33}],"player_experience":348767,"relics_obtained":[{"floor":9,"key":"Bag of Preparation"},{"floor":26,"key":"Strawberry"},{"floor":31,"key":"Art of War"}],"event_choices":[{"damage_healed":0,"gold_gain":0,"player_choice":"Success","damage_taken":18,"relics_obtained":["Kunai"],"max_hp_gain":0,"max_hp_loss":0,"event_name":"Scrap Ooze","floor":2,"gold_loss":0},{"cards_removed":["Injury"],"damage_healed":0,"gold_gain":0,"player_choice":"Card Removal","damage_taken":0,"max_hp_gain":0,"max_hp_loss":0,"event_name":"The Cleric","floor":3,"gold_loss":75},{"damage_healed":0,"gold_gain":0,"player_choice":"Lose Max HP","damage_taken":0,"relics_obtained":["Golden Idol"],"max_hp_gain":0,"max_hp_loss":8,"event_name":"Golden Idol","floor":4,"gold_loss":0},{"cards_removed":["Defend_B"],"damage_healed":0,"gold_gain":0,"player_choice":"Offered Basic","damage_taken":0,"max_hp_gain":0,"max_hp_loss":0,"event_name":"Bonfire Elementals","floor":5,"gold_loss":0},{"damage_healed":0,"gold_gain":0,"player_choice":"Copied","damage_taken":0,"max_hp_gain":0,"max_hp_loss":0,"event_name":"Duplicator","floor":20,"gold_loss":0,"cards_obtained":["Gash"]}],"is_beta":false,"boss_relics":[{"not_picked":["Ectoplasm","Runic Dome"],"picked":"Inserter"},{"not_picked":["Black Star","Snecko Eye"],"picked":"SlaversCollar"}],"items_purged_floors":[19],"is_endless":false,"potions_floor_spawned":[1,7,13,16,18,28,33],"killed_by":"3 Darklings","ascension_level":19}