{"gold_per_floor":[117,192,192,97,117,117,143,143,191,205,221,221,221,221,221,299,299,310,324,324,324],"floor_reached":21,"playtime":549,"items_purged":[],"score":394,"play_id":"834c6b1b-6783-4481-be08-49e8df4330ac","local_time":"20200324182703","is_ascension_mode":true,"campfire_choices":[{"data":"Enlightenment","floor":6,"key":"SMITH"},{"data":"Meteor Strike","floor":8,"key":"SMITH"},{"floor":15,"key":"REST"}],"neow_cost":"NONE","seed_source_timestamp":27353980441900,"circlet_count":0,"master_deck":["AscendersBane","Strike_B","Strike_B","Strike_B","Defend_B","Defend_B","Defend_B","Zap","Dualcast","Glacier","Enlightenment+1","Meteor Strike+1","Creative AI","Heatsinks","Reboot"],"relics":["Cracked Core","NeowsBlessing","Mummified Hand","Kunai","Nuclear Battery"],"potions_floor_usage":[16],"damage_taken":[{"damage":0,"enemies":"Small Slimes","floor":1,"turns":1},{"damage":0,"enemies":"2 Louse","floor":5,"turns":1},{"damage":0,"enemies":"3 Sentries","floor":7,"turns":2},{"damage":2,"enemies":"Jaw Worm","floor":10,"turns":3},{"damage":22,"enemies":"Large Slime","floor":11,"turns":8},{"damage":1,"enemies":"The Guardian","floor":16,"turns":8},{"damage":22,"enemies":"Spheric Guardian","floor":18,"turns":4},{"damage":18,"enemies":"Shell Parasite","floor":19,"turns":5},{"damage":28,"enemies":"Snake Plant","floor":21,"turns":3}],"seed_played":"7426749034350639384","potions_obtained":[{"floor":1,"key":"EssenceOfDarkness"},{"floor":5,"key":"PowerPotion"},{"floor":16,"key":"SpeedPotion"}],"is_trial":false,"path_per_floor":["M","?","?","$","M","R","E","R","T","M","M","T","?","?","R","B",null,"M","M","?","M"],"character_chosen":"DEFECT","items_purchased":["Enlightenment"],"campfire_rested":1,"item_purchase_floors":[4],"current_hp_per_floor":[64,53,53,53,53,53,53,53,53,51,29,29,29,22,43,42,64,42,24,24,0],"gold":324,"neow_bonus":"THREE_ENEMY_KILL","is_prod":false,"is_daily":false,"chose_seed":false,"campfire_upgraded":2,"win_rate":0,"timestamp":1585056423,"path_taken":["M","?","?","$","M","R","E","R","T","M","M","?","?","?","R","BOSS","M","M","?","M"],"build_version":"2020-01-14","purchased_purges":0,"victory":false,"max_hp_per_floor":[71,71,71,71,71,71,71,71,71,71,71,71,71,71,71,71,71,71,71,71,71],"card_choices":[{"not_picked":["Blizzard","Redo"],"picked":"Glacier","floor":1},{"not_picked":["Hologram","Go for the Eyes","Leap"],"picked":"SKIP","floor":5},{"not_picked":["Double Energy","Go for the Eyes"],"picked":"Meteor Strike","floor":7},{"not_picked":["Hologram","Streamline","Compile Driver"],"picked":"SKIP","floor":10},{"not_picked":["Barrage","FTL","Conserve Battery"],"picked":"SKIP","floor":11},{"not_picked":["Biased Cognition","Fission"],"picked":"Creative AI","floor":16},{"not_picked":["Compile Driver","Sweeping Beam","Gash"],"picked":"SKIP","floor":18},{"not_picked":["Sweeping Beam","Turbo"],"picked":"Heatsinks","floor":19}],"player_experience":350038,"relics_obtained":[{"floor":7,"key":"Mummified Hand"},{"floor":12,"key":"Kunai"}],"event_choices":[{"damage_healed":0,"gold_gain":75,"player_choice":"Gather Gold","damage_taken":11,"max_hp_gain":0,"max_hp_loss":0,"event_name":"World of Goop","floor":2,"gold_loss":0},{"damage_healed":0,"gold_gain":0,"player_choice":"Leave","damage_taken":0,"max_hp_gain":0,"max_hp_loss":0,"event_name":"The Cleric","floor":3,"gold_loss":0},{"cards_removed":["Strike_B"],"damage_healed":0,"gold_gain":0,"player_choice":"Forget","damage_taken":0,"max_hp_gain":0,"max_hp_loss":0,"event_name":"Living Wall","floor":13,"gold_loss":0},{"cards_removed":["Defend_B"],"damage_healed":0,"gold_gain":0,"player_choice":"Card Removal","damage_taken":7,"max_hp_gain":0,"max_hp_loss":0,"event_name":"Golden Wing","floor":14,"gold_loss":0},{"damage_healed":0,"gold_gain":0,"player_choice":"1 cards matched","damage_taken":0,"max_hp_gain":0,"max_hp_loss":0,"event_name":"Match and Keep!","floor":20,"gold_loss":0,"cards_obtained":["Reboot"]}],"is_beta":false,"boss_relics":[{"not_picked":["Cursed Key","Tiny House"],"picked":"Nuclear Battery"}],"items_purged_floors":[],"is_endless":false,"potions_floor_spawned":[1,5,16,19],"killed_by":"Snake Plant","ascension_level":19}