{"gold_per_floor":[115,128,142,142,158,158,308,331,331,331,348,348,348],"floor_reached":13,"playtime":213,"items_purged":[],"score":146,"play_id":"7dff69fb-9d23-4543-be5d-a6d9080ac6b3","local_time":"20200325193845","is_ascension_mode":true,"campfire_choices":[{"data":"Loop","floor":6,"key":"SMITH"},{"data":"Coolheaded","floor":12,"key":"SMITH"}],"neow_cost":"NONE","seed_source_timestamp":35557547960300,"circlet_count":0,"master_deck":["AscendersBane","Strike_B","Strike_B","Strike_B","Strike_B","Defend_B","Defend_B","Defend_B","Defend_B","Zap","Dualcast","Loop+1","Coolheaded+1","Doubt","Coolheaded"],"relics":["Cracked Core","NeowsBlessing","Pear","Toy Ornithopter","Lantern"],"potions_floor_usage":[],"damage_taken":[{"damage":0,"enemies":"Cultist","floor":1,"turns":1},{"damage":0,"enemies":"Small Slimes","floor":2,"turns":1},{"damage":0,"enemies":"Jaw Worm","floor":3,"turns":1},{"damage":22,"enemies":"Large Slime","floor":5,"turns":7},{"damage":13,"enemies":"Exordium Wildlife","floor":11,"turns":6},{"damage":9,"enemies":"3 Louse","floor":13,"turns":5}],"seed_played":"8730866649721388421","potions_obtained":[{"floor":5,"key":"PotionOfCapacity"}],"is_trial":false,"path_per_floor":["M","M","M","T","M","R","?","T","T","?","M","R","M"],"character_chosen":"DEFECT","items_purchased":[],"campfire_rested":0,"item_purchase_floors":[],"current_hp_per_floor":[64,64,64,74,52,52,52,52,52,79,66,66,57],"gold":348,"neow_bonus":"THREE_ENEMY_KILL","is_prod":false,"is_daily":false,"chose_seed":false,"campfire_upgraded":2,"win_rate":0,"timestamp":1585147125,"path_taken":["M","M","?","?","?","R","?","?","T","?","M","R","M"],"build_version":"2020-01-14","purchased_purges":0,"victory":false,"max_hp_per_floor":[71,71,71,81,81,81,81,81,81,81,81,81,81],"card_choices":[{"not_picked":["Turbo","Stack","Steam"],"picked":"SKIP","floor":1},{"not_picked":["Stack","Compile Driver"],"picked":"Loop","floor":2},{"not_picked":["Leap","Beam Cell","Reprogram"],"picked":"SKIP","floor":3},{"not_picked":["Streamline","Skim"],"picked":"Coolheaded","floor":5},{"not_picked":["Redo","Steam"],"picked":"Coolheaded","floor":11}],"player_experience":355538,"relics_obtained":[{"floor":4,"key":"Pear"},{"floor":8,"key":"Toy Ornithopter"},{"floor":9,"key":"Lantern"}],"event_choices":[{"damage_healed":0,"gold_gain":150,"player_choice":"AGREE","damage_taken":0,"max_hp_gain":0,"max_hp_loss":0,"event_name":"Liars Game","floor":7,"gold_loss":0,"cards_obtained":["Doubt"]},{"damage_healed":27,"gold_gain":0,"player_choice":"Banana","damage_taken":0,"max_hp_gain":0,"max_hp_loss":0,"event_name":"Big Fish","floor":10,"gold_loss":0}],"is_beta":false,"boss_relics":[],"items_purged_floors":[],"is_endless":false,"potions_floor_spawned":[5],"killed_by":"3 Louse","ascension_level":19}