{"gold_per_floor":[363,363,363,363,373,373,386,400,400,272,272,283,283],"floor_reached":13,"playtime":361,"items_purged":["Regret"],"score":146,"play_id":"1f5a68cd-41c1-4196-900c-15cf8ca2c9b2","local_time":"20200325184739","is_ascension_mode":true,"campfire_choices":[{"floor":6.0,"key":"DIG"}],"neow_cost":"TEN_PERCENT_HP_LOSS","seed_source_timestamp":32330521068700,"circlet_count":0,"master_deck":["AscendersBane","Strike_B","Strike_B","Strike_B","Defend_B","Defend_B","Defend_B","Defend_B","Zap","Dualcast","Chill","Melter","Darkness","Coolheaded+1"],"special_seed":0,"relics":["Cracked Core","Shovel","White Beast Statue","Toxic Egg 2"],"potions_floor_usage":[12,13],"damage_taken":[{"damage":7.0,"enemies":"Small Slimes","floor":1.0,"turns":3.0},{"damage":4.0,"enemies":"Jaw Worm","floor":5.0,"turns":5.0},{"damage":2.0,"enemies":"2 Louse","floor":7.0,"turns":3.0},{"damage":13.0,"enemies":"Blue Slaver","floor":8.0,"turns":4.0},{"damage":2,"enemies":"Red Slaver","floor":12,"turns":3},{"damage":34,"enemies":"Gremlin Nob","floor":13,"turns":3}],"seed_played":"8198215204957297774","potions_obtained":[{"floor":1.0,"key":"Block Potion"},{"floor":5.0,"key":"Fire Potion"},{"floor":7.0,"key":"BlessingOfTheForge"},{"floor":12,"key":"SpeedPotion"}],"is_trial":false,"path_per_floor":["M","?","?","?","M","R","M","M","T","$","?","M","E"],"character_chosen":"DEFECT","items_purchased":["Coolheaded+1"],"campfire_rested":0,"item_purchase_floors":[10],"current_hp_per_floor":[57,50,50,50,46,46,44,31,31,31,31,29,0],"gold":283,"neow_bonus":"TWO_FIFTY_GOLD","is_prod":false,"is_daily":false,"chose_seed":false,"campfire_upgraded":0,"win_rate":0,"timestamp":1585144059,"path_taken":["M","?","?","?","M","R","M","?","T","$","?","M","E"],"build_version":"2020-01-14","purchased_purges":1,"victory":false,"max_hp_per_floor":[64,64,64,64,64,64,64,64,64,64,64,64,64],"card_choices":[{"not_picked":["Cold Snap","Undo"],"picked":"Chill","floor":1.0},{"not_picked":["Rip and Tear","Lockon","Rebound"],"picked":"SKIP","floor":5.0},{"not_picked":["Rip and Tear","Steam Power"],"picked":"Melter","floor":7.0},{"not_picked":["Coolheaded","Go for the Eyes"],"picked":"Darkness","floor":8.0},{"not_picked":["Rebound","Turbo+1","Beam Cell"],"picked":"SKIP","floor":12}],"player_experience":353932,"relics_obtained":[{"floor":6.0,"key":"White Beast Statue"},{"floor":9.0,"key":"Toxic Egg 2"}],"event_choices":[{"cards_removed":["Strike_B"],"damage_healed":0.0,"max_hp_gain":0.0,"max_hp_loss":0.0,"gold_gain":0.0,"event_name":"Golden Wing","player_choice":"Card Removal","floor":2.0,"gold_loss":0.0,"damage_taken":7.0},{"damage_healed":0.0,"max_hp_gain":0.0,"max_hp_loss":0.0,"gold_gain":0.0,"event_name":"Big Fish","player_choice":"Box","floor":3.0,"gold_loss":0.0,"damage_taken":0.0,"relics_obtained":["Shovel"],"cards_obtained":["Regret"]},{"damage_healed":0.0,"max_hp_gain":0.0,"max_hp_loss":0.0,"gold_gain":0.0,"event_name":"Shining Light","player_choice":"Ignored","floor":4.0,"gold_loss":0.0,"damage_taken":0.0},{"damage_healed":0,"gold_gain":0,"player_choice":"Fled","damage_taken":0,"max_hp_gain":0,"max_hp_loss":0,"event_name":"Scrap Ooze","floor":11,"gold_loss":0}],"is_beta":false,"boss_relics":[],"items_purged_floors":[10],"is_endless":false,"potions_floor_spawned":[1,5,7,8,12],"killed_by":"Gremlin Nob","ascension_level":19}