{"gold_per_floor":[117,117,67,67,67,111,129,129,156,179,192,208,208,232,232,357,357,377,156,197,211,224,224,239,239,239,239,255,255,298,323,323,446,446,460,460,478,147,147,188,188,209,232,232,232,81,81,97,97,97],"floor_reached":50,"playtime":2087,"items_purged":["Study"],"score":567,"play_id":"a0052540-977d-4380-bed2-547aae51c2f2","local_time":"20191111202144","is_ascension_mode":false,"campfire_choices":[{"data":"InnerPeace","floor":8.0,"key":"SMITH"},{"data":"Alpha","floor":13.0,"key":"SMITH"},{"floor":15.0,"key":"REST"},{"floor":23.0,"key":"REST"},{"floor":25.0,"key":"REST"},{"floor":27.0,"key":"REST"},{"floor":29.0,"key":"REST"},{"floor":32.0,"key":"REST"},{"floor":41.0,"key":"REST"},{"floor":44.0,"key":"REST"},{"floor":49.0,"key":"REST"}],"neow_cost":"NONE","seed_source_timestamp":3899114465429319,"circlet_count":0,"master_deck":["Eruption+1","Vigilance","InnerPeace+1","Alpha+1","Wireheading","Pray","TalkToTheHand","Establishment","Halt","Protect","SandsOfTime","Scrawl","Apotheosis","Madness","Madness","Swivel+1","SandsOfTime"],"special_seed":0,"relics":["HolyWater","NeowsBlessing","Golden Idol","Centennial Puzzle","Ancient Tea Set","Pandora\u0027s Box","Art of War","Red Mask","InkBottle","Lantern","PreservedInsect","Omamori","ClockworkSouvenir"],"potions_floor_usage":[50,50],"damage_taken":[{"damage":0.0,"enemies":"2 Louse","floor":1.0,"turns":1.0},{"damage":0.0,"enemies":"Lagavulin","floor":6.0,"turns":1.0},{"damage":0.0,"enemies":"Small Slimes","floor":7.0,"turns":1.0},{"damage":0.0,"enemies":"Jaw Worm","floor":10.0,"turns":1.0},{"damage":4.0,"enemies":"Exordium Thugs","floor":11.0,"turns":4.0},{"damage":4.0,"enemies":"2 Fungi Beasts","floor":12.0,"turns":4.0},{"damage":18.0,"enemies":"3 Louse","floor":14.0,"turns":3.0},{"damage":23.0,"enemies":"The Guardian","floor":16.0,"turns":8.0},{"damage":10.0,"enemies":"3 Byrds","floor":18.0,"turns":3.0},{"damage":32.0,"enemies":"Masked Bandits","floor":20.0,"turns":3.0},{"damage":6.0,"enemies":"Chosen","floor":21.0,"turns":4.0},{"damage":13.0,"enemies":"Shelled Parasite and Fungi","floor":22.0,"turns":4.0},{"damage":30.0,"enemies":"Sentry and Sphere","floor":24.0,"turns":4.0},{"damage":5.0,"enemies":"3 Cultists","floor":28.0,"turns":3.0},{"damage":8.0,"enemies":"Gremlin Leader","floor":30.0,"turns":4.0},{"damage":21.0,"enemies":"Shelled Parasite and Fungi","floor":31.0,"turns":4.0},{"damage":34.0,"enemies":"Collector","floor":33.0,"turns":6.0},{"damage":21.0,"enemies":"Orb Walker","floor":35.0,"turns":4.0},{"damage":8.0,"enemies":"3 Darklings","floor":37.0,"turns":3.0},{"damage":0.0,"enemies":"Giant Head","floor":40.0,"turns":8.0},{"damage":22.0,"enemies":"Writhing Mass","floor":42.0,"turns":4.0},{"damage":20.0,"enemies":"Jaw Worm Horde","floor":48.0,"turns":3.0},{"damage":66,"enemies":"Time Eater","floor":50,"turns":6}],"seed_played":"3400995553261390294","potions_obtained":[{"floor":1.0,"key":"Dexterity Potion"},{"floor":11.0,"key":"PowerPotion"},{"floor":14.0,"key":"ColorlessPotion"},{"floor":20.0,"key":"DuplicationPotion"},{"floor":22.0,"key":"SneckoOil"},{"floor":28.0,"key":"LiquidMemories"},{"floor":30.0,"key":"Swift Potion"},{"floor":42.0,"key":"PowerPotion"},{"floor":48.0,"key":"Ambrosia"}],"is_trial":false,"path_per_floor":["M","$","?","?","?","E","M","R","T","M","M","M","R","M","R","B",null,"M","$","?","M","M","R","M","R","T","R","M","R","E","M","R","B",null,"M","?","M","$","?","E","R","M","T","R","?","$","$","M","R","B"],"character_chosen":"WATCHER","items_purchased":["Art of War","Apotheosis","Lantern","ClockworkSouvenir"],"campfire_rested":9,"item_purchase_floors":[19,38,38,46],"current_hp_per_floor":[72,72,72,54,54,54,54,54,54,54,50,46,46,28,49,26,72,62,62,30,24,11,32,2,23,23,44,39,60,52,31,52,18,72,51,51,43,43,34,34,55,33,33,54,54,54,54,34,55,0],"gold":97,"neow_bonus":"THREE_ENEMY_KILL","is_prod":false,"is_daily":false,"chose_seed":false,"campfire_upgraded":2,"win_rate":0,"timestamp":1573485704,"path_taken":["M","$","?","?","?","E","M","R","T","M","M","?","R","M","R","BOSS","M","$","?","M","M","R","M","R","T","R","M","R","E","M","R","BOSS","M","?","M","$","?","E","R","M","T","R","?","?","$","?","R","BOSS"],"build_version":"2019-10-30","purchased_purges":1,"victory":false,"max_hp_per_floor":[72,72,72,72,72,72,72,72,72,72,72,72,72,72,72,72,72,72,72,72,72,72,72,72,72,72,72,72,72,72,72,72,72,72,72,72,72,72,72,72,72,72,72,72,72,72,72,72,72,72],"card_choices":[{"not_picked":["Study","Evaluate","WreathOfFlame"],"picked":"SKIP","floor":1.0},{"not_picked":["JustLucky","Vengeance","FlyingSleeves"],"picked":"SKIP","floor":6.0},{"not_picked":["Evaluate","Prostrate"],"picked":"InnerPeace","floor":7.0},{"not_picked":["Evaluate","FlurryOfBlows"],"picked":"Alpha","floor":10.0},{"not_picked":["JustLucky","Wireheading","ThirdEye"],"picked":"SKIP","floor":11.0},{"not_picked":["EmptyBody","WindmillStrike","Evaluate"],"picked":"SKIP","floor":12.0},{"not_picked":["Study","CrushJoints","FollowUp"],"picked":"SKIP","floor":14.0},{"not_picked":["PathToVictory","CrushJoints","Halt+1"],"picked":"SKIP","floor":18.0},{"not_picked":["FlyingSleeves","Indignation"],"picked":"Protect","floor":20.0},{"not_picked":["EmptyFist","JustLucky+1","CrushJoints+1"],"picked":"SKIP","floor":21.0},{"not_picked":["Prostrate","Pray+1","EmptyFist"],"picked":"SKIP","floor":22.0},{"not_picked":["WindmillStrike","Weave"],"picked":"SandsOfTime","floor":24.0},{"not_picked":["CutThroughFate+1","ForeignInfluence+1","FollowUp"],"picked":"SKIP","floor":28.0},{"not_picked":["TalkToTheHand","InnerPeace","MentalFortress"],"picked":"SKIP","floor":30.0},{"not_picked":["DevaForm","Crescendo","EmptyFist"],"picked":"SKIP","floor":31.0},{"not_picked":["DevaForm","Alpha"],"picked":"Scrawl","floor":33.0},{"not_picked":["ReachHeaven+1","Tantrum+1","Worship"],"picked":"SKIP","floor":35.0},{"not_picked":["JustLucky","PathToVictory","CarveReality"],"picked":"SKIP","floor":37.0},{"not_picked":["FollowUp","CrushJoints","Nirvana"],"picked":"SKIP","floor":40.0},{"not_picked":["EmptyFist+1","FlurryOfBlows+1"],"picked":"Swivel+1","floor":42.0},{"not_picked":["WheelKick+1","Evaluate"],"picked":"SandsOfTime","floor":48.0}],"player_experience":52802,"relics_obtained":[{"floor":6.0,"key":"Centennial Puzzle"},{"floor":9.0,"key":"Ancient Tea Set"},{"floor":20.0,"key":"Red Mask"},{"floor":30.0,"key":"InkBottle"},{"floor":40.0,"key":"PreservedInsect"},{"floor":43.0,"key":"Omamori"}],"event_choices":[{"cards_removed":["Defend_P"],"damage_healed":0.0,"max_hp_gain":0.0,"max_hp_loss":0.0,"gold_gain":0.0,"event_name":"The Cleric","player_choice":"Card Removal","floor":3.0,"gold_loss":50.0,"damage_taken":0.0},{"damage_healed":0.0,"max_hp_gain":0.0,"max_hp_loss":0.0,"gold_gain":0.0,"event_name":"Golden Idol","player_choice":"Take Damage","floor":4.0,"gold_loss":0.0,"damage_taken":18.0,"relics_obtained":["Golden Idol"]},{"damage_healed":0.0,"max_hp_gain":0.0,"max_hp_loss":0.0,"gold_gain":0.0,"event_name":"Living Wall","player_choice":"Grow","floor":5.0,"gold_loss":0.0,"damage_taken":0.0,"cards_upgraded":["Eruption"]},{"damage_healed":0.0,"max_hp_gain":0.0,"max_hp_loss":0.0,"gold_gain":0.0,"event_name":"Masked Bandits","player_choice":"Fought Bandits","floor":20.0,"gold_loss":0.0,"damage_taken":0.0},{"cards_removed":["FlyingSleeves"],"damage_healed":0.0,"max_hp_gain":0.0,"max_hp_loss":0.0,"gold_gain":0.0,"event_name":"Falling","player_choice":"Removed Attack","floor":36.0,"gold_loss":0.0,"damage_taken":0.0},{"damage_healed":0.0,"max_hp_gain":0.0,"max_hp_loss":0.0,"gold_gain":0.0,"event_name":"Winding Halls","player_choice":"Embrace Madness","floor":39.0,"gold_loss":0.0,"damage_taken":9.0,"cards_obtained":["Madness","Madness"]},{"damage_healed":0.0,"max_hp_gain":0.0,"max_hp_loss":0.0,"gold_gain":0.0,"event_name":"Mysterious Sphere","player_choice":"Ignored","floor":45.0,"gold_loss":0.0,"damage_taken":0.0}],"is_beta":true,"boss_relics":[{"not_picked":["SacredBark","Ectoplasm"],"picked":"Pandora\u0027s Box"},{"not_picked":["Tiny House","SlaversCollar"],"picked":"HolyWater"}],"items_purged_floors":[19],"is_endless":false,"potions_floor_spawned":[1,11,14,20,22,28,30,35,42,48],"killed_by":"Time Eater","ascension_level":0}