{"gold_per_floor":[119,119,119,129,148,148,164,164,189,200,200,275,275,309,309,407,407,417,566,706,767,493,525,543,562,562,562,612,256,256,288,288,386,386,396,407,37,87,149,149,180,30,56,82,132,182,194,260,260,260,260,260,31,58,58],"floor_reached":56,"playtime":3100,"items_purged":["Defend_P","Defend_P","Defend_P"],"score":1368,"play_id":"1816ea84-f026-4af1-b777-04f459b5e619","local_time":"20191114115718","is_ascension_mode":false,"campfire_choices":[{"data":"WaveOfTheHand","floor":6,"key":"SMITH"},{"data":"PathToVictory","floor":8,"key":"SMITH"},{"data":"Vigilance","floor":11,"key":"SMITH"},{"data":"Eruption","floor":15,"key":"SMITH"},{"data":"Establishment","floor":27,"key":"SMITH"},{"data":"BattleHymn","floor":30,"key":"SMITH"},{"floor":32,"key":"REST"},{"floor":40,"key":"RECALL"},{"data":"DeceiveReality","floor":49,"key":"SMITH"},{"data":"CarveReality","floor":52,"key":"SMITH"}],"neow_cost":"NONE","seed_source_timestamp":75606245210207,"circlet_count":0,"master_deck":["Vigilance+1","MasterReality+1","Brilliance+1","WindmillStrike+1","CarveReality+1","Prostrate","PathToVictory+1","WaveOfTheHand+1","Prostrate","Devotion","Establishment+1","BattleHymn+1","Evaluate+1","DeceiveReality+1","Purity"],"relics":["Astrolabe","Bag of Marbles","SsserpentHead","Strawberry","Black Star","Membership Card","Oddly Smooth Stone","Orichalcum","MealTicket","Thread and Needle","Mercury Hourglass","ClockworkSouvenir","Blood Vial","Happy Flower","Runic Pyramid","Centennial Puzzle","Kunai","Toolbox","TungstenRod","Akabeko","Regal Pillow","Art of War","Pen Nib","Pantograph","Sundial","Bag of Preparation","Lee\u0027s Waffle","Vajra","Gambling Chip"],"potions_floor_usage":[14,31,31,33,39,55,55,55],"damage_taken":[{"damage":1,"enemies":"Jaw Worm","floor":1,"turns":2},{"damage":0,"enemies":"Cultist","floor":4,"turns":3},{"damage":0,"enemies":"2 Louse","floor":5,"turns":2},{"damage":15,"enemies":"Exordium Thugs","floor":7,"turns":5},{"damage":3,"enemies":"Blue Slaver","floor":10,"turns":2},{"damage":0,"enemies":"Lagavulin","floor":14,"turns":6},{"damage":4,"enemies":"Hexaghost","floor":16,"turns":7},{"damage":6,"enemies":"3 Byrds","floor":18,"turns":6},{"damage":6,"enemies":"Chosen","floor":21,"turns":4},{"damage":4,"enemies":"Gremlin Leader","floor":23,"turns":4},{"damage":6,"enemies":"Snake Plant","floor":24,"turns":4},{"damage":10,"enemies":"Snecko","floor":25,"turns":5},{"damage":25,"enemies":"Slavers","floor":31,"turns":5},{"damage":12,"enemies":"Collector","floor":33,"turns":5},{"damage":0,"enemies":"3 Shapes","floor":35,"turns":4},{"damage":13,"enemies":"3 Darklings","floor":36,"turns":5},{"damage":8,"enemies":"Transient","floor":39,"turns":5},{"damage":0,"enemies":"Giant Head","floor":41,"turns":7},{"damage":18,"enemies":"Reptomancer","floor":44,"turns":5},{"damage":9,"enemies":"4 Shapes","floor":47,"turns":4},{"damage":0,"enemies":"Maw","floor":48,"turns":4},{"damage":23,"enemies":"Awakened One","floor":50,"turns":7},{"damage":13,"enemies":"Shield and Spear","floor":54,"turns":4},{"damage":39,"enemies":"The Heart","floor":55,"turns":7}],"seed_played":"6696443984604945731","potions_obtained":[{"floor":5,"key":"GamblersBrew"},{"floor":7,"key":"FearPotion"},{"floor":14,"key":"Regen Potion"},{"floor":23,"key":"FearPotion"},{"floor":24,"key":"FearPotion"},{"floor":44,"key":"Energy Potion"},{"floor":47,"key":"SteroidPotion"}],"is_trial":false,"path_per_floor":["M","?","?","M","M","R","M","R","T","M","R","?","?","E","R","B",null,"M","?","?","M","$","E","M","M","T","R","?","$","R","E","R","B",null,"M","M","$","?","M","R","E","$","T","E","?","?","M","M","R","B",null,"R","$","E","B",null],"character_chosen":"WATCHER","items_purchased":["Membership Card","Oddly Smooth Stone","DeceiveReality","Thread and Needle","Mercury Hourglass","ClockworkSouvenir","Centennial Puzzle","Kunai","Toolbox","AttackPotion","Explosive Potion","PowerPotion","Regal Pillow","Art of War","Ancient Potion","Bag of Preparation","Purity","Lee\u0027s Waffle"],"campfire_rested":1,"item_purchase_floors":[22,22,22,29,29,29,37,37,37,37,37,37,42,42,53,53,53,53],"current_hp_per_floor":[71,71,71,71,71,71,56,56,56,53,53,42,42,49,49,45,79,73,73,61,55,55,51,45,35,35,35,35,50,50,39,62,52,79,79,66,79,79,71,71,73,79,79,61,61,61,54,56,56,52,75,75,82,69,43],"gold":58,"neow_bonus":"BOSS_RELIC","is_prod":false,"is_daily":false,"chose_seed":false,"campfire_upgraded":8,"win_rate":0,"timestamp":1573714638,"path_taken":["M","?","?","M","?","R","M","R","T","M","R","?","?","E","R","BOSS","M","?","?","?","$","E","M","M","T","R","?","?","R","E","R","BOSS","M","M","?","?","?","R","E","$","T","E","?","?","M","?","R","BOSS","R","$","E","BOSS"],"build_version":"2019-10-30","purchased_purges":3,"victory":true,"max_hp_per_floor":[72,72,72,72,72,72,72,72,72,72,72,72,72,79,79,79,79,79,79,79,79,79,79,79,79,79,79,79,79,79,79,79,79,79,79,79,79,79,79,79,79,79,79,79,75,75,75,75,75,75,75,75,82,82,82],"card_choices":[{"not_picked":["FlyingSleeves","JustLucky"],"picked":"CarveReality","floor":1},{"not_picked":["WreathOfFlame","Fasting2"],"picked":"PathToVictory","floor":4},{"not_picked":["ForeignInfluence","Pray"],"picked":"WaveOfTheHand","floor":5},{"not_picked":["Conclude","ThirdEye","EmptyFist"],"picked":"SKIP","floor":7},{"not_picked":["Vengeance","Study"],"picked":"Prostrate","floor":10},{"not_picked":["SandsOfTime","FollowUp"],"picked":"Devotion","floor":14},{"not_picked":["Wish","ConjureBlade"],"picked":"Establishment","floor":16},{"not_picked":["Worship+1","SashWhip"],"picked":"BattleHymn","floor":18},{"not_picked":["CutThroughFate","LikeWater"],"picked":"Evaluate+1","floor":21},{"not_picked":["WheelKick+1","ReachHeaven+1","ThirdEye"],"picked":"SKIP","floor":23},{"not_picked":["Sanctity","EmptyBody","Prostrate"],"picked":"SKIP","floor":24},{"not_picked":["ForeignInfluence","Crescendo","WindmillStrike"],"picked":"SKIP","floor":25},{"not_picked":["ReachHeaven","FollowUp","FlurryOfBlows"],"picked":"SKIP","floor":31},{"not_picked":["MentalFortress","Indignation","FlyingSleeves+1"],"picked":"SKIP","floor":35},{"not_picked":["EmptyMind+1","EmptyFist","WaveOfTheHand+1"],"picked":"SKIP","floor":36},{"not_picked":["BowlingBash","Worship+1","CrushJoints+1"],"picked":"SKIP","floor":39},{"not_picked":["ReachHeaven+1","FlyingSleeves+1","ThirdEye+1"],"picked":"SKIP","floor":41},{"not_picked":["Crescendo+1","CrushJoints+1","CutThroughFate+1"],"picked":"SKIP","floor":44},{"not_picked":["ClearTheMind","Evaluate","Wireheading+1"],"picked":"SKIP","floor":47},{"not_picked":["BowlingBash","Consecrate","JustLucky"],"picked":"SKIP","floor":48},{"not_picked":["Brilliance","CrushJoints+1","PathToVictory"],"picked":"SKIP","floor":54}],"player_experience":60126,"relics_obtained":[{"floor":9,"key":"Bag of Marbles"},{"floor":14,"key":"Strawberry"},{"floor":23,"key":"Orichalcum"},{"floor":23,"key":"MealTicket"},{"floor":31,"key":"Blood Vial"},{"floor":31,"key":"Happy Flower"},{"floor":41,"key":"TungstenRod"},{"floor":41,"key":"Akabeko"},{"floor":43,"key":"Pen Nib"},{"floor":44,"key":"Pantograph"},{"floor":44,"key":"Sundial"},{"floor":54,"key":"Vajra"},{"floor":54,"key":"Gambling Chip"}],"event_choices":[{"cards_removed":["Strike_P"],"damage_healed":0,"gold_gain":0,"player_choice":"Forget","damage_taken":0,"max_hp_gain":0,"max_hp_loss":0,"event_name":"Living Wall","floor":2,"gold_loss":0},{"damage_healed":0,"gold_gain":0,"cards_transformed":["Strike_P"],"player_choice":"Transformed","damage_taken":0,"max_hp_gain":0,"max_hp_loss":0,"event_name":"Transmorgrifier","floor":3,"gold_loss":0,"cards_obtained":["Prostrate"]},{"damage_healed":0,"gold_gain":75,"player_choice":"Gather Gold","damage_taken":11,"max_hp_gain":0,"max_hp_loss":0,"event_name":"World of Goop","floor":12,"gold_loss":0},{"damage_healed":0,"gold_gain":0,"player_choice":"Trade","damage_taken":0,"relics_obtained":["SsserpentHead"],"max_hp_gain":0,"max_hp_loss":0,"event_name":"FaceTrader","floor":13,"gold_loss":0},{"damage_healed":0,"gold_gain":99,"player_choice":"Stole From Cult","damage_taken":0,"max_hp_gain":0,"max_hp_loss":0,"event_name":"Nest","floor":19,"gold_loss":0},{"damage_healed":0,"gold_gain":90,"player_choice":"GOLD ","damage_taken":12,"max_hp_gain":0,"max_hp_loss":0,"event_name":"Knowing Skull","floor":20,"potions_obtained":[],"gold_loss":0,"cards_obtained":[]},{"cards_removed":["Eruption"],"damage_healed":0,"gold_gain":0,"player_choice":"Card Removal","damage_taken":0,"max_hp_gain":0,"max_hp_loss":0,"event_name":"Wheel of Change","floor":28,"gold_loss":0},{"damage_healed":0,"gold_gain":0,"player_choice":"0 cards matched","damage_taken":0,"max_hp_gain":0,"max_hp_loss":0,"event_name":"Match and Keep!","floor":38,"gold_loss":0,"cards_obtained":[]},{"damage_healed":0,"gold_gain":0,"player_choice":"Max HP","damage_taken":0,"max_hp_gain":0,"max_hp_loss":4,"event_name":"Winding Halls","floor":45,"gold_loss":0},{"damage_healed":0,"gold_gain":0,"player_choice":"Ignored","damage_taken":0,"max_hp_gain":0,"max_hp_loss":0,"event_name":"Transmorgrifier","floor":46,"gold_loss":0}],"is_beta":true,"boss_relics":[{"not_picked":["VioletLotus","Tiny House"],"picked":"Black Star"},{"not_picked":["SlaversCollar","Busted Crown"],"picked":"Runic Pyramid"}],"items_purged_floors":[22,29,37],"is_endless":false,"potions_floor_spawned":[5,7,14,23,24,25,44,47],"ascension_level":0}