{"gold_per_floor":[112,123,123,98,98,98,98,98,98,122,145,161,161,261,261,261],"floor_reached":16,"playtime":572,"items_purged":[],"score":90,"play_id":"6d1d64f4-62ee-49f6-bd0b-979439cf787b","local_time":"20191109165739","is_ascension_mode":false,"campfire_choices":[{"floor":6.0,"key":"DIG"},{"floor":15,"key":"DIG"}],"neow_cost":"NONE","seed_source_timestamp":3715950393255745,"circlet_count":0,"master_deck":["Strike_P","Strike_P","Strike_P","Defend_P","Defend_P","Defend_P","Defend_P","Eruption","Vigilance","FollowUp","EmptyFist","ThirdEye","Injury","Protect","Nirvana","LikeWater"],"special_seed":0,"relics":["PureWater","Boot","Shovel","Regal Pillow","Golden Idol","HornCleat","Darkstone Periapt","Question Card"],"potions_floor_usage":[],"damage_taken":[{"damage":0.0,"enemies":"Jaw Worm","floor":1.0,"turns":2.0},{"damage":3.0,"enemies":"2 Louse","floor":2.0,"turns":3.0},{"damage":2.0,"enemies":"Small Slimes","floor":10.0,"turns":2.0},{"damage":3.0,"enemies":"Looter","floor":11.0,"turns":3.0},{"damage":3.0,"enemies":"Red Slaver","floor":12.0,"turns":2.0},{"damage":64,"enemies":"Slime Boss","floor":16,"turns":14}],"seed_played":"-8407425004173666414","potions_obtained":[{"floor":10.0,"key":"Dexterity Potion"}],"is_trial":false,"path_per_floor":["M","M","?","$","?","R","?","T","T","M","M","M","?","?","R","B"],"character_chosen":"WATCHER","items_purchased":["ThirdEye"],"campfire_rested":0,"item_purchase_floors":[4],"current_hp_per_floor":[72,69,62,62,62,62,62,62,62,60,57,54,54,54,54,0],"gold":261,"neow_bonus":"RANDOM_COMMON_RELIC","is_prod":false,"is_daily":false,"chose_seed":false,"campfire_upgraded":0,"win_rate":0,"timestamp":1573300659,"path_taken":["M","M","?","$","?","R","?","?","T","M","?","M","?","?","R","BOSS"],"build_version":"2019-10-30","purchased_purges":0,"victory":false,"max_hp_per_floor":[72,72,72,72,72,72,72,72,72,72,72,72,72,72,72,72],"card_choices":[{"not_picked":["Evaluate","ReachHeaven"],"picked":"FollowUp","floor":1.0},{"not_picked":["ClearTheMind","CutThroughFate"],"picked":"EmptyFist","floor":2.0},{"not_picked":["Adaptation","DevaForm"],"picked":"Protect","floor":10.0},{"not_picked":["Pray","BattleHymn"],"picked":"Nirvana","floor":11.0},{"not_picked":["EmptyFist","Evaluate"],"picked":"LikeWater","floor":12.0}],"player_experience":44754,"relics_obtained":[{"floor":6.0,"key":"Regal Pillow"},{"floor":8.0,"key":"HornCleat"},{"floor":9.0,"key":"Darkstone Periapt"},{"floor":15,"key":"Question Card"}],"event_choices":[{"cards_removed":["Strike_P"],"damage_healed":0.0,"max_hp_gain":0.0,"max_hp_loss":0.0,"gold_gain":0.0,"event_name":"Golden Wing","player_choice":"Card Removal","floor":3.0,"gold_loss":0.0,"damage_taken":7.0},{"damage_healed":0.0,"max_hp_gain":0.0,"max_hp_loss":0.0,"gold_gain":0.0,"event_name":"Big Fish","player_choice":"Box","floor":5.0,"gold_loss":0.0,"damage_taken":0.0,"relics_obtained":["Shovel"],"cards_obtained":["Regret"]},{"damage_healed":0.0,"max_hp_gain":0.0,"max_hp_loss":0.0,"gold_gain":0.0,"event_name":"Golden Idol","player_choice":"Take Wound","floor":7.0,"gold_loss":0.0,"damage_taken":0.0,"relics_obtained":["Golden Idol"],"cards_obtained":["Injury"]},{"cards_removed":["Regret"],"damage_healed":0,"gold_gain":0,"player_choice":"Forget","damage_taken":0,"max_hp_gain":0,"max_hp_loss":0,"event_name":"Living Wall","floor":13,"gold_loss":0},{"damage_healed":0,"gold_gain":100,"player_choice":"Gold","damage_taken":0,"max_hp_gain":0,"max_hp_loss":0,"event_name":"Wheel of Change","floor":14,"gold_loss":0}],"is_beta":true,"boss_relics":[],"items_purged_floors":[],"is_endless":false,"potions_floor_spawned":[10],"killed_by":"Slime Boss","ascension_level":0}