{"gold_per_floor":[118,133,133,150,104,131,206,206,233,243,277,277,277,295,295,394,394,411,424,444,463,463,463,463,475,487,414,426,452,464,95,95,198,198,213,213,263,276,288,288,319,338,362,697,716,716,10,10,10,10],"floor_reached":51,"playtime":3072,"items_purged":["Defend_P"],"score":892,"play_id":"5eb325bc-150f-49ab-a5f0-b2075eb6eb22","local_time":"20191124132251","is_ascension_mode":true,"campfire_choices":[{"data":"Evaluate","floor":8,"key":"SMITH"},{"floor":12,"key":"REST"},{"data":"Evaluate","floor":15,"key":"SMITH"},{"data":"WindmillStrike","floor":23,"key":"SMITH"},{"data":"Protect","floor":25,"key":"SMITH"},{"floor":30,"key":"REST"},{"data":"SashWhip","floor":32,"key":"SMITH"},{"floor":40,"key":"REST"},{"floor":49,"key":"REST"}],"neow_cost":"NONE","seed_source_timestamp":944862931221917,"circlet_count":0,"master_deck":["Strike_P","Strike_P","Strike_P","Defend_P","Eruption+1","Vigilance","Pray","WindmillStrike+1","Devotion","Meditate","Protect+1","Evaluate+1","Evaluate+1","DeusExMachina","Protect","CutThroughFate","SashWhip+1","CrushJoints+1","Halt","LikeWater+1","BattleHymn","Devotion"],"relics":["PureWater","NeowsBlessing","Vajra","Lantern","Yang","TeardropLocket","Sozu","MawBank","Darkstone Periapt","Incense Burner","Oddly Smooth Stone","Lee\u0027s Waffle","Fusion Hammer","GoldenEye","Smiling Mask","Whetstone","Old Coin","Peace Pipe","Letter Opener","Frozen Eye","Frozen Egg 2"],"potions_floor_usage":[16,44],"damage_taken":[{"damage":0,"enemies":"Jaw Worm","floor":1,"turns":1},{"damage":0,"enemies":"Cultist","floor":2,"turns":1},{"damage":0,"enemies":"Small Slimes","floor":4,"turns":1},{"damage":10,"enemies":"3 Sentries","floor":6,"turns":6},{"damage":8,"enemies":"3 Louse","floor":10,"turns":4},{"damage":5,"enemies":"Lagavulin","floor":11,"turns":5},{"damage":3,"enemies":"2 Fungi Beasts","floor":14,"turns":3},{"damage":23,"enemies":"Hexaghost","floor":16,"turns":11},{"damage":23,"enemies":"Chosen","floor":18,"turns":6},{"damage":8,"enemies":"Shell Parasite","floor":19,"turns":5},{"damage":0,"enemies":"Snecko","floor":20,"turns":4},{"damage":1,"enemies":"Centurion and Healer","floor":21,"turns":6},{"damage":0,"enemies":"Shelled Parasite and Fungi","floor":29,"turns":6},{"damage":0,"enemies":"Automaton","floor":33,"turns":10},{"damage":6,"enemies":"Orb Walker","floor":35,"turns":5},{"damage":1,"enemies":"Mind Bloom Boss Battle","floor":37,"turns":6},{"damage":14,"enemies":"3 Shapes","floor":38,"turns":5},{"damage":4,"enemies":"Maw","floor":39,"turns":6},{"damage":0,"enemies":"Giant Head","floor":41,"turns":6},{"damage":27,"enemies":"Spire Growth","floor":42,"turns":5},{"damage":20,"enemies":"Reptomancer","floor":44,"turns":8},{"damage":22,"enemies":"Transient","floor":45,"turns":5},{"damage":30,"enemies":"Time Eater","floor":50,"turns":7}],"seed_played":"1573529771941100445","potions_obtained":[{"floor":4,"key":"Ancient Potion"},{"floor":6,"key":"DuplicationPotion"},{"floor":14,"key":"Regen Potion"}],"is_trial":false,"path_per_floor":["M","M","?","M","$","E","?","R","T","M","E","R","T","M","R","B",null,"M","M","M","M","?","R","?","R","T","?","?","M","R","$","R","B",null,"M","?","?","M","M","R","E","M","T","E","M","?","$","T","R","B",null],"character_chosen":"WATCHER","items_purchased":["Protect","Oddly Smooth Stone","Lee\u0027s Waffle","Peace Pipe","Letter Opener","Frozen Eye"],"campfire_rested":4,"item_purchase_floors":[5,31,31,47,47,47],"current_hp_per_floor":[72,72,72,72,72,62,51,51,51,43,38,59,59,56,56,33,72,49,41,41,40,40,40,40,40,40,40,24,24,45,79,79,79,79,73,73,72,58,54,75,75,48,48,43,21,21,21,21,43,13],"gold":10,"neow_bonus":"THREE_ENEMY_KILL","is_prod":false,"is_daily":false,"chose_seed":false,"campfire_upgraded":5,"win_rate":0,"timestamp":1574583771,"path_taken":["M","M","?","?","?","E","?","R","T","M","E","R","?","M","R","BOSS","M","M","M","M","?","R","?","R","T","?","?","M","R","$","R","BOSS","M","?","?","M","M","R","E","M","T","E","M","?","$","?","R","BOSS"],"build_version":"2019-10-30","purchased_purges":1,"victory":true,"max_hp_per_floor":[72,72,72,72,72,72,72,72,72,72,72,72,72,72,72,72,72,72,72,72,72,72,72,72,72,72,72,72,72,72,79,79,79,79,79,75,75,75,75,75,75,75,75,75,75,75,75,75,75,75],"card_choices":[{"not_picked":["SashWhip","Tantrum"],"picked":"Pray","floor":1},{"not_picked":["Conclude","Crescendo"],"picked":"WindmillStrike","floor":2},{"not_picked":["Vengeance","Consecrate"],"picked":"Meditate","floor":4},{"not_picked":["JustLucky","Nirvana"],"picked":"Evaluate","floor":6},{"not_picked":["Halt","FollowUp","WreathOfFlame"],"picked":"SKIP","floor":10},{"not_picked":["Fasting2","FlurryOfBlows","Indignation"],"picked":"SKIP","floor":11},{"not_picked":["JustLucky","ForeignInfluence"],"picked":"Evaluate","floor":14},{"not_picked":["Judgement","Blasphemy"],"picked":"DeusExMachina","floor":16},{"not_picked":["Meditate","Evaluate"],"picked":"Protect","floor":18},{"not_picked":["ClearTheMind","Meditate"],"picked":"CutThroughFate","floor":19},{"not_picked":["PathToVictory","Weave","ClearTheMind"],"picked":"SKIP","floor":20},{"not_picked":["FlurryOfBlows","JustLucky+1"],"picked":"SashWhip","floor":21},{"not_picked":["DevaForm","FollowUp","PathToVictory+1"],"picked":"SKIP","floor":29},{"not_picked":["ThirdEye","CrushJoints"],"picked":"LikeWater+1","floor":35},{"not_picked":["Evaluate","Halt+1","Collect"],"picked":"SKIP","floor":38},{"not_picked":["ClearTheMind+1","Crescendo+1","CutThroughFate+1"],"picked":"SKIP","floor":39},{"not_picked":["Evaluate","Halt+1","Meditate+1"],"picked":"SKIP","floor":41},{"not_picked":["FearNoEvil","Crescendo"],"picked":"BattleHymn","floor":42},{"not_picked":["Meditate+1","WheelKick+1"],"picked":"Devotion","floor":44},{"not_picked":["JustLucky","FlyingSleeves","CrushJoints+1"],"picked":"SKIP","floor":45}],"player_experience":85586,"relics_obtained":[{"floor":6,"key":"Vajra"},{"floor":9,"key":"Lantern"},{"floor":11,"key":"Yang"},{"floor":13,"key":"TeardropLocket"},{"floor":26,"key":"Darkstone Periapt"},{"floor":37,"key":"GoldenEye"},{"floor":41,"key":"Smiling Mask"},{"floor":43,"key":"Whetstone"},{"floor":44,"key":"Old Coin"},{"floor":48,"key":"Frozen Egg 2"}],"event_choices":[{"damage_healed":0,"gold_gain":0,"cards_transformed":["Strike_P"],"player_choice":"Transformed","damage_taken":0,"max_hp_gain":0,"max_hp_loss":0,"event_name":"Transmorgrifier","floor":3,"gold_loss":0,"cards_obtained":["Devotion"]},{"damage_healed":0,"gold_gain":75,"player_choice":"Gather Gold","damage_taken":11,"max_hp_gain":0,"max_hp_loss":0,"event_name":"World of Goop","floor":7,"gold_loss":0},{"damage_healed":0,"gold_gain":0,"cards_transformed":["Defend_P","Defend_P"],"player_choice":"Became Test Subject","damage_taken":0,"max_hp_gain":0,"max_hp_loss":0,"event_name":"Drug Dealer","floor":22,"gold_loss":0,"cards_obtained":["CrushJoints","Halt"]},{"damage_healed":0,"gold_gain":0,"player_choice":"Opened","damage_taken":0,"relics_obtained":["MawBank"],"max_hp_gain":0,"max_hp_loss":0,"event_name":"The Mausoleum","floor":24,"gold_loss":0},{"damage_healed":0,"gold_gain":0,"player_choice":"Obtained Relic","damage_taken":0,"relics_obtained":["Incense Burner"],"max_hp_gain":0,"max_hp_loss":0,"event_name":"Addict","floor":27,"gold_loss":85},{"damage_healed":0,"gold_gain":0,"player_choice":"Obtained Book","damage_taken":16,"max_hp_gain":0,"max_hp_loss":0,"event_name":"Cursed Tome","floor":28,"gold_loss":0},{"damage_healed":0,"gold_gain":0,"player_choice":"Max HP","damage_taken":0,"max_hp_gain":0,"max_hp_loss":4,"event_name":"Winding Halls","floor":36,"gold_loss":0},{"damage_healed":0,"gold_gain":0,"player_choice":"Fight","damage_taken":0,"max_hp_gain":0,"max_hp_loss":0,"event_name":"MindBloom","floor":37,"gold_loss":0},{"damage_healed":0,"gold_gain":0,"player_choice":"Ignored","damage_taken":0,"max_hp_gain":0,"max_hp_loss":0,"event_name":"Tomb of Lord Red Mask","floor":46,"gold_loss":0}],"is_beta":true,"boss_relics":[{"not_picked":["Velvet Choker","Runic Dome"],"picked":"Sozu"},{"not_picked":["Philosopher\u0027s Stone","SacredBark"],"picked":"Fusion Hammer"}],"items_purged_floors":[31],"is_endless":false,"potions_floor_spawned":[4,6,14,18,19,21,29,39,44,45],"ascension_level":2}