{"gold_per_floor":[112,112,187,187,362,401,401,434,434,279,299,81,95,95],"floor_reached":14,"playtime":441,"items_purged":["Doubt"],"score":161,"play_id":"34ed2a85-1e90-475f-a318-d220bb6acb1c","local_time":"20191123200111","is_ascension_mode":true,"campfire_choices":[{"floor":7,"key":"REST"}],"neow_cost":"NONE","seed_source_timestamp":884996085369721,"circlet_count":0,"master_deck":["Strike_P","Strike_P","Strike_P+1","Strike_P","Defend_P+1","Defend_P","Defend_P","Defend_P","Eruption","Vigilance","Nirvana","TalkToTheHand","Weave","TalkToTheHand","Vengeance","TalkToTheHand"],"relics":["PureWater","NeowsBlessing","Golden Idol","Strawberry","HornCleat","Lizard Tail","Bronze Scales"],"potions_floor_usage":[],"damage_taken":[{"damage":0,"enemies":"Small Slimes","floor":1,"turns":1},{"damage":0,"enemies":"3 Sentries","floor":6,"turns":2},{"damage":0,"enemies":"Lagavulin","floor":8,"turns":1},{"damage":0,"enemies":"2 Louse","floor":11,"turns":2},{"damage":0,"enemies":"Cultist","floor":13,"turns":3},{"damage":0,"enemies":"Gremlin Nob","floor":14,"turns":3}],"seed_played":"-5098670114522134441","potions_obtained":[{"floor":6,"key":"StancePotion"},{"floor":8,"key":"Block Potion"}],"is_trial":false,"path_per_floor":["M","?","?","?","?","E","R","E","T","$","M","$","M","E"],"character_chosen":"WATCHER","items_purchased":["Weave","Bronze Scales","Vengeance"],"campfire_rested":1,"item_purchase_floors":[10,12,12],"current_hp_per_floor":[72,58,47,29,29,36,59,59,59,59,59,59,59,59],"gold":95,"neow_bonus":"THREE_ENEMY_KILL","is_prod":false,"is_daily":false,"chose_seed":false,"campfire_upgraded":0,"win_rate":0,"timestamp":1574521271,"path_taken":["M","?","?","?","?","E","R","E","T","?","?","$","M","E"],"build_version":"2019-10-30","purchased_purges":1,"victory":false,"max_hp_per_floor":[72,72,72,72,72,79,79,79,79,79,79,79,79,79],"card_choices":[{"not_picked":["Consecrate","BowlingBash","FlyingSleeves"],"picked":"SKIP","floor":1},{"not_picked":["Crescendo","BowlingBash"],"picked":"Nirvana","floor":6},{"not_picked":["Adaptation","ClearTheMind"],"picked":"TalkToTheHand","floor":8},{"not_picked":["ReachHeaven","Alpha"],"picked":"TalkToTheHand","floor":11},{"not_picked":["Tantrum","BowlingBash"],"picked":"TalkToTheHand","floor":13}],"player_experience":85145,"relics_obtained":[{"floor":6,"key":"Strawberry"},{"floor":8,"key":"HornCleat"},{"floor":9,"key":"Lizard Tail"}],"event_choices":[{"damage_healed":0,"gold_gain":0,"player_choice":"Entered Light","damage_taken":14,"max_hp_gain":0,"max_hp_loss":0,"event_name":"Shining Light","floor":2,"gold_loss":0,"cards_upgraded":["Strike_P","Defend_P"]},{"damage_healed":0,"gold_gain":75,"player_choice":"Gather Gold","damage_taken":11,"max_hp_gain":0,"max_hp_loss":0,"event_name":"World of Goop","floor":3,"gold_loss":0},{"damage_healed":0,"gold_gain":0,"player_choice":"Take Damage","damage_taken":18,"relics_obtained":["Golden Idol"],"max_hp_gain":0,"max_hp_loss":0,"event_name":"Golden Idol","floor":4,"gold_loss":0},{"damage_healed":0,"gold_gain":175,"player_choice":"AGREE","damage_taken":0,"max_hp_gain":0,"max_hp_loss":0,"event_name":"Liars Game","floor":5,"gold_loss":0,"cards_obtained":["Doubt"]}],"is_beta":true,"boss_relics":[],"items_purged_floors":[10],"is_endless":false,"potions_floor_spawned":[6,8],"killed_by":"Gremlin Nob","ascension_level":2}