{"gold_per_floor":[114,133,83,98,273,292,309,319,319,319,345,345,345,360,360,457,457,475,574,574,592,592,592,592],"floor_reached":24,"playtime":824,"items_purged":[],"score":228,"play_id":"4dd65f83-3bed-4915-acbb-0143cb1ae37f","local_time":"20191204164003","is_ascension_mode":true,"campfire_choices":[{"data":"PathToVictory","floor":10.0,"key":"SMITH"},{"data":"PathToVictory","floor":15,"key":"SMITH"},{"floor":23,"key":"REST"}],"neow_cost":"NONE","seed_source_timestamp":1823001233834196,"circlet_count":0,"master_deck":["Strike_P","Strike_P","Strike_P","Strike_P","Defend_P","Defend_P","Defend_P","Eruption","Vigilance","Sanctity","CutThroughFate","PathToVictory+1","PathToVictory+1","DeusExMachina","DevaForm","CurseOfTheBell","Protect","Decay","EmptyBody+1"],"special_seed":0,"relics":["PureWater","NeowsBlessing","Yang","StrikeDummy","Calling Bell","Mummified Hand","Shovel","Nunchaku"],"potions_floor_usage":[16,16,24],"damage_taken":[{"damage":0.0,"enemies":"Small Slimes","floor":1.0,"turns":1.0},{"damage":0.0,"enemies":"Jaw Worm","floor":2.0,"turns":1.0},{"damage":0.0,"enemies":"2 Louse","floor":4.0,"turns":1.0},{"damage":0.0,"enemies":"Looter","floor":6.0,"turns":3.0},{"damage":22.0,"enemies":"Lots of Slimes","floor":7.0,"turns":5.0},{"damage":3.0,"enemies":"Blue Slaver","floor":8.0,"turns":3.0},{"damage":3.0,"enemies":"Gremlin Nob","floor":11.0,"turns":3.0},{"damage":1,"enemies":"Large Slime","floor":14,"turns":5},{"damage":18,"enemies":"Slime Boss","floor":16,"turns":7},{"damage":32,"enemies":"Spheric Guardian","floor":18,"turns":5},{"damage":29,"enemies":"3 Byrds","floor":21,"turns":5},{"damage":43,"enemies":"Cultist and Chosen","floor":24,"turns":4}],"seed_played":"5664482176559212616","potions_obtained":[{"floor":1.0,"key":"SteroidPotion"},{"floor":2.0,"key":"Strength Potion"},{"floor":7.0,"key":"Fruit Juice"},{"floor":8.0,"key":"PowerPotion"},{"floor":11.0,"key":"Ancient Potion"},{"floor":21,"key":"PowerPotion"}],"is_trial":false,"path_per_floor":["M","M","?","M","?","M","M","M","T","R","E","?","?","M","R","B",null,"M","?","?","M","?","R","M"],"character_chosen":"WATCHER","items_purchased":[],"campfire_rested":1,"item_purchase_floors":[],"current_hp_per_floor":[72,72,72,72,72,72,55,52,52,52,49,49,49,48,48,30,77,45,45,45,16,16,39,0],"gold":592,"neow_bonus":"THREE_ENEMY_KILL","is_prod":false,"is_daily":false,"chose_seed":false,"campfire_upgraded":2,"win_rate":0,"timestamp":1575459603,"path_taken":["M","M","?","M","?","M","M","?","T","R","E","?","?","?","R","BOSS","M","?","?","M","?","R","M"],"build_version":"2019-10-30","purchased_purges":0,"victory":false,"max_hp_per_floor":[72,72,72,72,72,72,77,77,77,77,77,77,77,77,77,77,77,77,77,77,77,77,77,77],"card_choices":[{"not_picked":["Vengeance","CrushJoints"],"picked":"Sanctity","floor":1.0},{"not_picked":["Nirvana","Study","ClearTheMind"],"picked":"SKIP","floor":2.0},{"not_picked":["BattleHymn","Protect"],"picked":"CutThroughFate","floor":4.0},{"not_picked":["LikeWater","Swivel"],"picked":"PathToVictory","floor":6.0},{"not_picked":["Weave","Halt"],"picked":"PathToVictory","floor":7.0},{"not_picked":["SashWhip","FlurryOfBlows","EmptyBody"],"picked":"SKIP","floor":8.0},{"not_picked":["MentalFortress","EmptyFist"],"picked":"DeusExMachina","floor":11.0},{"not_picked":["Adaptation","Evaluate","Study"],"picked":"SKIP","floor":14},{"not_picked":["Scrawl","Brilliance"],"picked":"DevaForm","floor":16},{"not_picked":["CrushJoints+1","WheelKick"],"picked":"Protect","floor":18},{"not_picked":["Protect","EmptyMind"],"picked":"EmptyBody+1","floor":21}],"player_experience":114626,"relics_obtained":[{"floor":9.0,"key":"Yang"},{"floor":11.0,"key":"StrikeDummy"},{"floor":17,"key":"Mummified Hand"},{"floor":17,"key":"Shovel"},{"floor":17,"key":"Nunchaku"}],"event_choices":[{"cards_removed":["Defend_P"],"damage_healed":0.0,"max_hp_gain":0.0,"max_hp_loss":0.0,"gold_gain":0.0,"event_name":"The Cleric","player_choice":"Card Removal","floor":3.0,"gold_loss":50.0,"damage_taken":0.0},{"damage_healed":0.0,"max_hp_gain":0.0,"max_hp_loss":0.0,"gold_gain":175.0,"event_name":"Liars Game","player_choice":"AGREE","floor":5.0,"gold_loss":0.0,"damage_taken":0.0,"cards_obtained":["Doubt"]},{"damage_healed":0,"gold_gain":0,"player_choice":"Fled","damage_taken":0,"max_hp_gain":0,"max_hp_loss":0,"event_name":"Scrap Ooze","floor":12,"gold_loss":0},{"cards_removed":["Doubt"],"damage_healed":0,"gold_gain":0,"player_choice":"Purged","damage_taken":0,"max_hp_gain":0,"max_hp_loss":0,"event_name":"Purifier","floor":13,"gold_loss":0},{"damage_healed":0,"gold_gain":99,"player_choice":"Stole From Cult","damage_taken":0,"max_hp_gain":0,"max_hp_loss":0,"event_name":"Nest","floor":19,"gold_loss":0},{"damage_healed":0,"gold_gain":0,"player_choice":"Smashed Altar","damage_taken":0,"max_hp_gain":0,"max_hp_loss":0,"event_name":"Forgotten Altar","floor":20,"gold_loss":0,"cards_obtained":["Decay"]},{"damage_healed":0,"gold_gain":0,"player_choice":"Ignored","damage_taken":0,"max_hp_gain":0,"max_hp_loss":0,"event_name":"Ghosts","floor":22,"gold_loss":0}],"is_beta":true,"boss_relics":[{"not_picked":["Cursed Key","Snecko Eye"],"picked":"Calling Bell"}],"items_purged_floors":[],"is_endless":false,"potions_floor_spawned":[1,2,7,8,11,21],"killed_by":"Cultist and Chosen","ascension_level":3}