{"gold_per_floor":[114,114,114,127,402,402,413,413,466,490,674,709,733,745],"floor_reached":14,"playtime":390,"items_purged":[],"score":104,"play_id":"5a08202b-e539-473c-8222-0f5afa4f34f3","local_time":"20191204194916","is_ascension_mode":true,"campfire_choices":[{"data":"CrushJoints","floor":6,"key":"SMITH"}],"neow_cost":"NONE","seed_source_timestamp":1834812242838508,"circlet_count":0,"master_deck":["Strike_P","Strike_P","Strike_P","Strike_P","Defend_P+1","Defend_P","Defend_P+1","Eruption","Vigilance","Pray","CrushJoints+1","Regret","Perseverance","Worship","Doubt","Ragnarok"],"relics":["Coffee Dripper","War Paint","CeramicFish","MawBank"],"potions_floor_usage":[12],"damage_taken":[{"damage":8,"enemies":"Small Slimes","floor":1,"turns":2},{"damage":4,"enemies":"2 Louse","floor":4,"turns":2},{"damage":2,"enemies":"Cultist","floor":7,"turns":3},{"damage":5,"enemies":"Blue Slaver","floor":10,"turns":3},{"damage":25,"enemies":"Gremlin Nob","floor":12,"turns":4},{"damage":23,"enemies":"Gremlin Gang","floor":13,"turns":6},{"damage":6,"enemies":"3 Louse","floor":14,"turns":1}],"seed_played":"-1791722032983161996","potions_obtained":[{"floor":1,"key":"AttackPotion"},{"floor":7,"key":"SteroidPotion"}],"is_trial":false,"path_per_floor":["M","?","?","M","?","R","M","?","T","M","?","E","M","M"],"character_chosen":"WATCHER","items_purchased":[],"campfire_rested":0,"item_purchase_floors":[],"current_hp_per_floor":[64,64,64,60,60,60,58,58,58,53,53,28,5,0],"gold":745,"neow_bonus":"BOSS_RELIC","is_prod":false,"is_daily":false,"chose_seed":false,"campfire_upgraded":1,"win_rate":0,"timestamp":1575470956,"path_taken":["M","?","?","?","?","R","?","?","T","M","?","E","M","M"],"build_version":"2019-10-30","purchased_purges":0,"victory":false,"max_hp_per_floor":[72,72,72,72,72,72,72,72,72,72,72,72,72,72],"card_choices":[{"not_picked":["TalkToTheHand","Halt"],"picked":"Pray","floor":1},{"not_picked":["EmptyFist","FollowUp"],"picked":"CrushJoints","floor":4},{"not_picked":["PathToVictory","Conclude"],"picked":"Perseverance","floor":7},{"not_picked":["ClearTheMind","Wallop"],"picked":"Worship","floor":10},{"not_picked":["MentalFortress","Tantrum"],"picked":"Ragnarok","floor":12},{"not_picked":["JustLucky","PathToVictory","ClearTheMind"],"picked":"SKIP","floor":13}],"player_experience":115450,"relics_obtained":[{"floor":9,"key":"CeramicFish"},{"floor":12,"key":"MawBank"}],"event_choices":[{"cards_removed":["Defend_P"],"damage_healed":0,"gold_gain":0,"player_choice":"Forget","damage_taken":0,"max_hp_gain":0,"max_hp_loss":0,"event_name":"Living Wall","floor":2,"gold_loss":0},{"damage_healed":0,"gold_gain":0,"player_choice":"Gave Potion","damage_taken":0,"relics_obtained":["War Paint"],"max_hp_gain":0,"max_hp_loss":0,"event_name":"WeMeetAgain","floor":3,"gold_loss":0},{"damage_healed":0,"gold_gain":275,"player_choice":"Desecrate","damage_taken":0,"max_hp_gain":0,"max_hp_loss":0,"event_name":"Golden Shrine","floor":5,"gold_loss":0,"cards_obtained":["Regret"]},{"damage_healed":0,"gold_gain":0,"player_choice":"Searched \u00270\u0027 times","damage_taken":0,"max_hp_gain":0,"max_hp_loss":0,"event_name":"Dead Adventurer","floor":8,"gold_loss":0},{"damage_healed":0,"gold_gain":175,"player_choice":"AGREE","damage_taken":0,"max_hp_gain":0,"max_hp_loss":0,"event_name":"Liars Game","floor":11,"gold_loss":0,"cards_obtained":["Doubt"]}],"is_beta":true,"boss_relics":[],"items_purged_floors":[],"is_endless":false,"potions_floor_spawned":[1,7],"killed_by":"3 Louse","ascension_level":3}