{"gold_per_floor":[109,284,284,304,304,64,91,91],"floor_reached":8,"playtime":331,"items_purged":[],"score":53,"play_id":"4833d95e-0812-471b-a2e6-dfce5af2404d","local_time":"20191201071353","is_ascension_mode":true,"campfire_choices":[],"neow_cost":"NONE","seed_source_timestamp":1530323589563194,"circlet_count":0,"master_deck":["Strike_P","Strike_P","Strike_P","Strike_P","Defend_P","Defend_P+1","Defend_P","Defend_P","Eruption","Vigilance","CurseOfTheBell","Protect+1","Doubt","ThirdEye","CutThroughFate"],"relics":["Calling Bell","Boot","Darkstone Periapt","Gambling Chip","CeramicFish","Question Card"],"potions_floor_usage":[],"damage_taken":[{"damage":1,"enemies":"2 Louse","floor":1,"turns":2},{"damage":0,"enemies":"Jaw Worm","floor":4,"turns":5},{"damage":0,"enemies":"Cultist","floor":7,"turns":4},{"damage":75,"enemies":"Lagavulin","floor":8,"turns":10}],"seed_played":"1243783053549230383","potions_obtained":[{"floor":4,"key":"Swift Potion"},{"floor":7,"key":"Swift Potion"}],"is_trial":false,"path_per_floor":["M","?","?","M","?","$","M","E"],"character_chosen":"WATCHER","items_purchased":["Question Card"],"campfire_rested":0,"item_purchase_floors":[6],"current_hp_per_floor":[71,77,61,61,49,49,49,0],"gold":91,"neow_bonus":"BOSS_RELIC","is_prod":false,"is_daily":false,"chose_seed":false,"campfire_upgraded":0,"win_rate":0,"timestamp":1575166433,"path_taken":["M","?","?","M","?","?","M","E"],"build_version":"2019-10-30","purchased_purges":0,"victory":false,"max_hp_per_floor":[72,78,78,78,78,78,78,78],"card_choices":[{"not_picked":["Weave","Wireheading"],"picked":"Protect","floor":1},{"not_picked":["Halt","EmptyBody"],"picked":"ThirdEye","floor":4},{"not_picked":["TalkToTheHand","FlurryOfBlows","JustLucky"],"picked":"CutThroughFate","floor":7}],"player_experience":111473,"relics_obtained":[{"floor":0,"key":"Boot"},{"floor":0,"key":"Darkstone Periapt"},{"floor":0,"key":"Gambling Chip"}],"event_choices":[{"damage_healed":0,"gold_gain":175,"player_choice":"AGREE","damage_taken":0,"max_hp_gain":0,"max_hp_loss":0,"event_name":"Liars Game","floor":2,"gold_loss":0,"cards_obtained":["Doubt"]},{"damage_healed":0,"gold_gain":0,"player_choice":"Entered Light","damage_taken":16,"max_hp_gain":0,"max_hp_loss":0,"event_name":"Shining Light","floor":3,"gold_loss":0,"cards_upgraded":["Defend_P","Protect"]},{"damage_healed":0,"gold_gain":0,"player_choice":"Success","damage_taken":12,"relics_obtained":["CeramicFish"],"max_hp_gain":0,"max_hp_loss":0,"event_name":"Scrap Ooze","floor":5,"gold_loss":0}],"is_beta":true,"boss_relics":[],"items_purged_floors":[],"is_endless":false,"potions_floor_spawned":[4,7],"killed_by":"Lagavulin","ascension_level":3}