{"gold_per_floor":[113,113,113,133,308,308,337,314,314,314,344,112,112,112,112,214,214,229,328,328,328,226,226,239,239,239,239,253,270,270,280,280,383,383,395,412,26,26,45,80,430,441,441,441,452,452,481,495,495,495],"floor_reached":51,"playtime":2081,"items_purged":["Doubt"],"score":893,"play_id":"b58bae0b-0d15-4152-8f83-41d656ad6e93","local_time":"20191204202529","is_ascension_mode":true,"campfire_choices":[{"data":"FollowUp","floor":6.0,"key":"SMITH"},{"data":"Devotion","floor":10.0,"key":"SMITH"},{"data":"1","floor":13.0,"key":"LIFT"},{"data":"2","floor":15.0,"key":"LIFT"},{"data":"3","floor":23.0,"key":"LIFT"},{"data":"Establishment","floor":25.0,"key":"SMITH"},{"data":"LikeWater","floor":27.0,"key":"SMITH"},{"data":"WaveOfTheHand","floor":30.0,"key":"SMITH"},{"data":"SandsOfTime","floor":32.0,"key":"SMITH"},{"floor":44.0,"key":"REST"},{"floor":49.0,"key":"REST"}],"neow_cost":"NONE","seed_source_timestamp":1835215476991948,"circlet_count":0,"master_deck":["Strike_P","Strike_P","Defend_P+1","Vigilance","Prostrate","FollowUp+1","Devotion+1","Prostrate","LikeWater+1","InnerPeace","Establishment+1","FlyingSleeves","Writhe","EmptyBody","SandsOfTime+1","ClearTheMind","WaveOfTheHand+1","Vault+1","ClearTheMind+1","Ragnarok+1","BowlingBash+1","Sanctity","Protect+1","DeceiveReality"],"special_seed":0,"relics":["HolyWater","NeowsBlessing","Mummified Hand","Girya","Anchor","Ornamental Fan","Frozen Egg 2","Astrolabe","Du-Vu Doll","The Courier","Old Coin","Sundial","Bottled Lightning"],"potions_floor_usage":[50,50],"damage_taken":[{"damage":0.0,"enemies":"Small Slimes","floor":1.0,"turns":1.0},{"damage":0.0,"enemies":"2 Louse","floor":4.0,"turns":1.0},{"damage":0.0,"enemies":"Lagavulin","floor":7.0,"turns":2.0},{"damage":30.0,"enemies":"3 Sentries","floor":11.0,"turns":5.0},{"damage":9.0,"enemies":"The Guardian","floor":16.0,"turns":11.0},{"damage":0.0,"enemies":"Chosen","floor":18.0,"turns":4.0},{"damage":2.0,"enemies":"Shell Parasite","floor":24.0,"turns":4.0},{"damage":6.0,"enemies":"Centurion and Healer","floor":28.0,"turns":4.0},{"damage":6.0,"enemies":"Chosen and Byrds","floor":29.0,"turns":5.0},{"damage":2.0,"enemies":"Cultist and Chosen","floor":31.0,"turns":4.0},{"damage":26.0,"enemies":"Automaton","floor":33.0,"turns":7.0},{"damage":6.0,"enemies":"Orb Walker","floor":35.0,"turns":3.0},{"damage":16.0,"enemies":"3 Shapes","floor":36.0,"turns":4.0},{"damage":0.0,"enemies":"Sphere and 2 Shapes","floor":39.0,"turns":4.0},{"damage":7.0,"enemies":"Nemesis","floor":40.0,"turns":6.0},{"damage":0.0,"enemies":"Mind Bloom Boss Battle","floor":41.0,"turns":5.0},{"damage":11.0,"enemies":"Spire Growth","floor":42.0,"turns":5.0},{"damage":0.0,"enemies":"Maw","floor":45.0,"turns":6.0},{"damage":2.0,"enemies":"Reptomancer","floor":47.0,"turns":5.0},{"damage":29.0,"enemies":"Sphere and 2 Shapes","floor":48.0,"turns":6.0},{"damage":46,"enemies":"Donu and Deca","floor":50,"turns":10}],"seed_played":"-1118387720809591926","potions_obtained":[{"floor":4.0,"key":"Fire Potion"},{"floor":11.0,"key":"Ancient Potion"},{"floor":28.0,"key":"CultistPotion"},{"floor":29.0,"key":"BlessingOfTheForge"},{"floor":33.0,"key":"Energy Potion"},{"floor":39.0,"key":"DuplicationPotion"},{"floor":45.0,"key":"AttackPotion"}],"is_trial":false,"path_per_floor":["M","?","?","M","?","R","E","?","T","R","E","$","R","?","R","B",null,"M","?","?","?","$","R","M","R","T","R","M","M","R","M","R","B",null,"M","M","$","?","M","E","?","M","T","R","M","?","E","M","R","B",null],"character_chosen":"WATCHER","items_purchased":["LikeWater","InnerPeace","SandsOfTime","ClearTheMind","Du-Vu Doll","Regen Potion"],"campfire_rested":2,"item_purchase_floors":[12,12,22,22,37,37],"current_hp_per_floor":[72,72,58,58,58,58,58,58,58,58,28,28,28,52,52,43,72,72,72,72,72,72,72,70,70,70,70,64,58,58,56,56,30,72,66,50,50,50,50,43,43,32,32,53,53,53,51,22,43,12],"gold":495,"neow_bonus":"THREE_ENEMY_KILL","is_prod":false,"is_daily":false,"chose_seed":false,"campfire_upgraded":6,"win_rate":0,"timestamp":1575473129,"path_taken":["M","?","?","M","?","R","E","?","T","R","E","$","R","?","R","BOSS","M","?","?","?","$","R","M","R","T","R","M","M","R","?","R","BOSS","M","M","$","?","?","E","?","M","T","R","M","?","E","M","R","BOSS"],"build_version":"2019-10-30","purchased_purges":1,"victory":true,"max_hp_per_floor":[72,72,72,72,72,72,72,72,72,72,72,72,72,72,72,72,72,72,72,72,72,72,72,72,72,72,72,72,72,72,72,72,72,72,72,72,72,72,72,72,72,72,72,72,72,72,72,72,72,72],"card_choices":[{"not_picked":["CrushJoints","Worship"],"picked":"Prostrate","floor":1.0},{"not_picked":["Crescendo","Protect"],"picked":"FollowUp","floor":4.0},{"not_picked":["ClearTheMind","Prostrate"],"picked":"Devotion","floor":7.0},{"not_picked":["Protect","CrushJoints"],"picked":"Prostrate","floor":11.0},{"not_picked":["SpiritShield","DevaForm"],"picked":"Establishment","floor":16.0},{"not_picked":["ThirdEye","Adaptation"],"picked":"FlyingSleeves","floor":18.0},{"not_picked":["PathToVictory","Sanctity","EmptyFist"],"picked":"SKIP","floor":24.0},{"not_picked":["Prostrate","Crescendo","Halt"],"picked":"SKIP","floor":28.0},{"not_picked":["Prostrate","Halt"],"picked":"WaveOfTheHand","floor":29.0},{"not_picked":["EmptyBody","PathToVictory","Conclude"],"picked":"SKIP","floor":31.0},{"not_picked":["Tantrum+1","ThirdEye+1"],"picked":"BowlingBash+1","floor":35.0},{"not_picked":["ClearTheMind+1","Weave","ThirdEye"],"picked":"SKIP","floor":36.0},{"not_picked":["FearNoEvil+1","JustLucky+1","FollowUp+1"],"picked":"SKIP","floor":39.0},{"not_picked":["Weave","WaveOfTheHand+1"],"picked":"Sanctity","floor":40.0},{"not_picked":["WindmillStrike","BowlingBash+1"],"picked":"Protect+1","floor":42.0},{"not_picked":["Weave+1","PathToVictory","FollowUp"],"picked":"SKIP","floor":45.0},{"not_picked":["FollowUp+1","Vengeance","FlyingSleeves"],"picked":"SKIP","floor":47.0},{"not_picked":["ClearTheMind+1","CrushJoints+1"],"picked":"DeceiveReality","floor":48.0}],"player_experience":115840,"relics_obtained":[{"floor":7.0,"key":"Mummified Hand"},{"floor":9.0,"key":"Girya"},{"floor":11.0,"key":"Anchor"},{"floor":26.0,"key":"Frozen Egg 2"},{"floor":40.0,"key":"The Courier"},{"floor":41.0,"key":"Old Coin"},{"floor":43.0,"key":"Sundial"},{"floor":47.0,"key":"Bottled Lightning"}],"event_choices":[{"cards_removed":["Defend_P"],"damage_healed":0.0,"max_hp_gain":0.0,"max_hp_loss":0.0,"gold_gain":0.0,"event_name":"Living Wall","player_choice":"Forget","floor":2.0,"gold_loss":0.0,"damage_taken":0.0},{"damage_healed":0.0,"max_hp_gain":0.0,"max_hp_loss":0.0,"gold_gain":0.0,"event_name":"Shining Light","player_choice":"Entered Light","floor":3.0,"gold_loss":0.0,"damage_taken":14.0,"cards_upgraded":["Defend_P","Eruption"]},{"damage_healed":0.0,"max_hp_gain":0.0,"max_hp_loss":0.0,"gold_gain":175.0,"event_name":"Liars Game","player_choice":"AGREE","floor":5.0,"gold_loss":0.0,"damage_taken":0.0,"cards_obtained":["Doubt"]},{"damage_healed":0.0,"max_hp_gain":0.0,"max_hp_loss":0.0,"gold_gain":0.0,"event_name":"World of Goop","player_choice":"Left Gold","floor":8.0,"gold_loss":23.0,"damage_taken":0.0},{"damage_healed":24.0,"max_hp_gain":0.0,"max_hp_loss":0.0,"gold_gain":0.0,"event_name":"Big Fish","player_choice":"Banana","floor":14.0,"gold_loss":0.0,"damage_taken":0.0},{"damage_healed":0.0,"max_hp_gain":0.0,"max_hp_loss":0.0,"gold_gain":99.0,"event_name":"Nest","player_choice":"Stole From Cult","floor":19.0,"gold_loss":0.0,"damage_taken":0.0},{"damage_healed":0.0,"max_hp_gain":0.0,"max_hp_loss":0.0,"gold_gain":0.0,"event_name":"The Mausoleum","player_choice":"Opened","floor":20.0,"gold_loss":0.0,"damage_taken":0.0,"relics_obtained":["Ornamental Fan"],"cards_obtained":["Writhe"]},{"damage_healed":0.0,"max_hp_gain":0.0,"max_hp_loss":0.0,"gold_gain":0.0,"cards_transformed":["Strike_P"],"event_name":"Transmorgrifier","player_choice":"Transformed","floor":21.0,"gold_loss":0.0,"damage_taken":0.0,"cards_obtained":["EmptyBody"]},{"cards_removed":["Eruption"],"damage_healed":0.0,"max_hp_gain":0.0,"max_hp_loss":0.0,"gold_gain":0.0,"event_name":"Purifier","player_choice":"Purged","floor":38.0,"gold_loss":0.0,"damage_taken":0.0},{"damage_healed":0.0,"max_hp_gain":0.0,"max_hp_loss":0.0,"gold_gain":0.0,"event_name":"MindBloom","player_choice":"Fight","floor":41.0,"gold_loss":0.0,"damage_taken":0.0},{"damage_healed":0.0,"max_hp_gain":0.0,"max_hp_loss":0.0,"gold_gain":0.0,"event_name":"Mysterious Sphere","player_choice":"Ignored","floor":46.0,"gold_loss":0.0,"damage_taken":0.0}],"is_beta":true,"boss_relics":[{"not_picked":["Empty Cage","Cursed Key"],"picked":"HolyWater"},{"not_picked":["SacredBark","Coffee Dripper"],"picked":"Astrolabe"}],"items_purged_floors":[12],"is_endless":false,"potions_floor_spawned":[4,11,28,29,33,39,40,45],"ascension_level":3}