{"gold_per_floor":[112,287,299,299,312,342,342,365,390,340,340,363,407,308,308,413,413,431,445,445,239,239,271,271,289,314,314],"floor_reached":27,"playtime":1257,"items_purged":["Defend_P","Defend_P"],"score":306,"play_id":"0c1cdf42-de7c-4a57-ab8a-aff317d04431","local_time":"20191129215947","is_ascension_mode":true,"campfire_choices":[{"data":"Judgement","floor":15,"key":"SMITH"},{"data":"WaveOfTheHand","floor":24,"key":"SMITH"}],"neow_cost":"PERCENT_DAMAGE","seed_source_timestamp":1409721120814561,"circlet_count":0,"master_deck":["Strike_P","Strike_P","Strike_P","Defend_P","Defend_P","Eruption","Vigilance","MasterReality","CrushJoints","ReachHeaven","Wireheading","Judgement+1","Jack Of All Trades","WaveOfTheHand+1","ThirdEye","Evaluate","ThirdEye"],"special_seed":0,"relics":["PureWater","CeramicFish","Smiling Mask","Potion Belt","SacredBark","Bag of Marbles","Happy Flower","Centennial Puzzle"],"potions_floor_usage":[8,13,13,18,23,23,25],"damage_taken":[{"damage":0.0,"enemies":"Cultist","floor":1.0,"turns":5.0},{"damage":0.0,"enemies":"2 Louse","floor":3.0,"turns":4.0},{"damage":5,"enemies":"Small Slimes","floor":5,"turns":2},{"damage":7,"enemies":"Lagavulin","floor":6,"turns":5},{"damage":0,"enemies":"2 Fungi Beasts","floor":8,"turns":4},{"damage":3,"enemies":"Large Slime","floor":12,"turns":3},{"damage":17,"enemies":"3 Sentries","floor":13,"turns":5},{"damage":22,"enemies":"Slime Boss","floor":16,"turns":6},{"damage":3,"enemies":"3 Byrds","floor":18,"turns":3},{"damage":0,"enemies":"Spheric Guardian","floor":19,"turns":2},{"damage":0,"enemies":"Book of Stabbing","floor":23,"turns":3},{"damage":32,"enemies":"Snecko","floor":25,"turns":6},{"damage":46,"enemies":"Slavers","floor":27,"turns":6}],"seed_played":"-2293490996750591300","potions_obtained":[{"floor":6,"key":"Block Potion"},{"floor":8,"key":"ColorlessPotion"},{"floor":12,"key":"ColorlessPotion"},{"floor":13,"key":"Fire Potion"},{"floor":19,"key":"SkillPotion"},{"floor":23,"key":"BlessingOfTheForge"}],"is_trial":false,"path_per_floor":["M","?","M","?","M","E","?","M","T","?","?","M","E","$","R","B",null,"M","M","?","$","?","E","R","M","T","E"],"character_chosen":"WATCHER","items_purchased":["Fire Potion","Bag of Marbles"],"campfire_rested":0,"item_purchase_floors":[14,21],"current_hp_per_floor":[51,51,51,51,46,39,63,63,63,63,63,60,43,43,43,21,72,69,69,56,56,77,77,77,45,45,0],"gold":314,"neow_bonus":"THREE_RARE_CARDS","is_prod":false,"is_daily":false,"chose_seed":false,"campfire_upgraded":2,"win_rate":0,"timestamp":1575046787,"path_taken":["M","?","M","?","?","E","?","M","T","?","?","M","E","$","R","BOSS","M","?","?","$","?","E","R","M","T","E"],"build_version":"2019-10-30","purchased_purges":2,"victory":false,"max_hp_per_floor":[72,72,72,72,72,72,72,72,72,72,72,72,72,72,72,72,72,72,72,77,77,77,77,77,77,77,77],"card_choices":[{"not_picked":["Alpha","Wish"],"picked":"MasterReality","floor":0.0},{"not_picked":["Consecrate","ClearTheMind"],"picked":"CrushJoints","floor":1.0},{"not_picked":["Evaluate","Fasting2"],"picked":"ReachHeaven","floor":3.0},{"not_picked":["Blasphemy","LikeWater"],"picked":"WaveOfTheHand","floor":5},{"not_picked":["Wallop","Halt","EmptyBody"],"picked":"SKIP","floor":6},{"not_picked":["SashWhip","Collect"],"picked":"ThirdEye","floor":8},{"not_picked":["FlurryOfBlows","Brilliance"],"picked":"Evaluate","floor":12},{"not_picked":["CrushJoints","WaveOfTheHand"],"picked":"ThirdEye","floor":13},{"not_picked":["Halt","EmptyBody","Protect"],"picked":"SKIP","floor":18},{"not_picked":["FlyingSleeves","FollowUp+1","BowlingBash"],"picked":"SKIP","floor":19},{"not_picked":["Consecrate+1","EmptyFist","Devotion"],"picked":"SKIP","floor":23},{"not_picked":["DeceiveReality","PathToVictory+1","EmptyMind"],"picked":"SKIP","floor":25}],"player_experience":105875,"relics_obtained":[{"floor":6,"key":"CeramicFish"},{"floor":9,"key":"Smiling Mask"},{"floor":13,"key":"Potion Belt"},{"floor":23,"key":"Happy Flower"},{"floor":26,"key":"Centennial Puzzle"}],"event_choices":[{"damage_healed":0.0,"max_hp_gain":0.0,"max_hp_loss":0.0,"gold_gain":175.0,"event_name":"Liars Game","player_choice":"AGREE","floor":2.0,"gold_loss":0.0,"damage_taken":0.0,"cards_obtained":["Doubt"]},{"damage_healed":0,"gold_gain":0,"player_choice":"3 cards matched","damage_taken":0,"max_hp_gain":0,"max_hp_loss":0,"event_name":"Match and Keep!","floor":4,"gold_loss":0,"cards_obtained":["Wireheading","Judgement","Jack Of All Trades"]},{"damage_healed":0,"gold_gain":0,"player_choice":"3 cards matched","damage_taken":0,"max_hp_gain":0,"max_hp_loss":0,"event_name":"Match and Keep!","floor":4,"gold_loss":0,"cards_obtained":["Wireheading","Judgement","Jack Of All Trades"]},{"damage_healed":24,"gold_gain":0,"player_choice":"Banana","damage_taken":0,"max_hp_gain":0,"max_hp_loss":0,"event_name":"Big Fish","floor":7,"gold_loss":0},{"cards_removed":["Doubt"],"damage_healed":0,"gold_gain":0,"player_choice":"Card Removal","damage_taken":0,"max_hp_gain":0,"max_hp_loss":0,"event_name":"The Cleric","floor":10,"gold_loss":50},{"cards_removed":["Strike_P"],"damage_healed":0,"gold_gain":0,"player_choice":"Purged","damage_taken":0,"max_hp_gain":0,"max_hp_loss":0,"event_name":"Purifier","floor":11,"gold_loss":0},{"damage_healed":0,"gold_gain":0,"player_choice":"Shed Blood","damage_taken":18,"max_hp_gain":5,"max_hp_loss":0,"event_name":"Forgotten Altar","floor":20,"gold_loss":0},{"damage_healed":25,"gold_gain":0,"player_choice":"Heal","damage_taken":0,"max_hp_gain":0,"max_hp_loss":0,"event_name":"The Library","floor":22,"gold_loss":0}],"is_beta":true,"boss_relics":[{"not_picked":["Ectoplasm","Sozu"],"picked":"SacredBark"}],"items_purged_floors":[14,21],"is_endless":false,"potions_floor_spawned":[6,8,12,13,19,23],"killed_by":"Slavers","ascension_level":3}