{"gold_per_floor":[118,118,293,313,313,313,313,4,27,39],"floor_reached":10,"playtime":362,"items_purged":["Regret"],"score":65,"play_id":"336e5fc8-06a8-4e6f-a98e-3855bf5e4ce0","local_time":"20191208214738","is_ascension_mode":true,"campfire_choices":[{"data":"PathToVictory","floor":6,"key":"SMITH"}],"neow_cost":"NONE","seed_source_timestamp":2187565644088448,"circlet_count":0,"master_deck":["Strike_P","Strike_P","Strike_P","Defend_P","Defend_P","Defend_P","Eruption","Vigilance","PathToVictory+1","Doubt","InnerPeace","Injury","Vault"],"relics":["Empty Cage","Happy Flower","Golden Idol","Regal Pillow","MawBank"],"potions_floor_usage":[10],"damage_taken":[{"damage":7,"enemies":"Small Slimes","floor":1,"turns":5},{"damage":4,"enemies":"2 Louse","floor":4,"turns":4},{"damage":73,"enemies":"3 Sentries","floor":10,"turns":15}],"seed_played":"-8251627365081464076","potions_obtained":[{"floor":1,"key":"Ancient Potion"},{"floor":4,"key":"DistilledChaos"}],"is_trial":false,"path_per_floor":["M","?","?","M","?","R","?","$","T","E"],"character_chosen":"WATCHER","items_purchased":["Vault","Regal Pillow"],"campfire_rested":0,"item_purchase_floors":[8,8],"current_hp_per_floor":[65,65,65,61,61,61,72,72,72,0],"gold":39,"neow_bonus":"BOSS_RELIC","is_prod":false,"is_daily":false,"chose_seed":false,"campfire_upgraded":1,"win_rate":0,"timestamp":1575823658,"path_taken":["M","?","?","M","?","R","?","$","T","E"],"build_version":"2019-10-30","purchased_purges":1,"victory":false,"max_hp_per_floor":[72,72,72,72,72,72,72,72,72,72],"card_choices":[{"not_picked":["TalkToTheHand","ClearTheMind"],"picked":"PathToVictory","floor":1},{"not_picked":["ClearTheMind","FlyingSleeves"],"picked":"InnerPeace","floor":4}],"player_experience":121383,"relics_obtained":[{"floor":9,"key":"MawBank"}],"event_choices":[{"damage_healed":0,"gold_gain":0,"player_choice":"Box","damage_taken":0,"relics_obtained":["Happy Flower"],"max_hp_gain":0,"max_hp_loss":0,"event_name":"Big Fish","floor":2,"gold_loss":0,"cards_obtained":["Regret"]},{"damage_healed":0,"gold_gain":175,"player_choice":"AGREE","damage_taken":0,"max_hp_gain":0,"max_hp_loss":0,"event_name":"Liars Game","floor":3,"gold_loss":0,"cards_obtained":["Doubt"]},{"damage_healed":0,"gold_gain":0,"player_choice":"Take Wound","damage_taken":0,"relics_obtained":["Golden Idol"],"max_hp_gain":0,"max_hp_loss":0,"event_name":"Golden Idol","floor":5,"gold_loss":0,"cards_obtained":["Injury"]},{"damage_healed":11,"gold_gain":0,"player_choice":"Full Heal","damage_taken":0,"max_hp_gain":0,"max_hp_loss":0,"event_name":"Wheel of Change","floor":7,"gold_loss":0}],"is_beta":true,"boss_relics":[],"items_purged_floors":[8],"is_endless":false,"potions_floor_spawned":[1,4],"killed_by":"3 Sentries","ascension_level":4}