{"gold_per_floor":[115,115,133,83,102,102,127,155,167,198,222,234,272,297,309,424,436,468,355,369,386,405,405,430,185,185,185,211,211,211,229,229,328,328,344,168,218,237,237,237,271,271,271,284,284,159,159,171,171,171],"floor_reached":51,"playtime":1742,"items_purged":["Eruption","Vigilance","CarveReality+1"],"score":944,"play_id":"6d01d21c-a947-4192-95c4-be9fcace91f3","local_time":"20191221110353","is_ascension_mode":true,"campfire_choices":[{"data":"Judgement","floor":6,"key":"SMITH"},{"data":"PathToVictory","floor":12,"key":"SMITH"},{"data":"WaveOfTheHand","floor":15,"key":"SMITH"},{"data":"PathToVictory","floor":23,"key":"SMITH"},{"floor":30,"key":"REST"},{"data":"Evaluate","floor":32,"key":"SMITH"},{"data":"Evaluate","floor":40,"key":"SMITH"},{"floor":42,"key":"DIG"},{"floor":45,"key":"DIG"},{"floor":49,"key":"REST"}],"neow_cost":"NONE","seed_source_timestamp":225250821430920,"circlet_count":0,"master_deck":["Defend_P","Defend_P","Defend_P","Evaluate+1","Judgement+1","WaveOfTheHand+1","PathToVictory+1","Protect","Evaluate+1","Scrawl","DeceiveReality+1","Sanctity+1","PathToVictory+1","PathToVictory+1","CurseOfTheBell"],"relics":["PureWater","Art of War","Boot","MawBank","Gremlin Horn","Pen Nib","Astrolabe","Potion Belt","DollysMirror","Bag of Marbles","Ornamental Fan","TeardropLocket","Calling Bell","Happy Flower","Letter Opener","Ice Cream","Calipers","Shovel","Regal Pillow","Blue Candle","Juzu Bracelet"],"potions_floor_usage":[8,16,24,31,33,41,47,50,50,50],"damage_taken":[{"damage":0,"enemies":"2 Louse","floor":1,"turns":3},{"damage":0,"enemies":"Small Slimes","floor":3,"turns":2},{"damage":0,"enemies":"Jaw Worm","floor":5,"turns":1},{"damage":15,"enemies":"Gremlin Nob","floor":8,"turns":4},{"damage":0,"enemies":"Looter","floor":10,"turns":2},{"damage":0,"enemies":"Exordium Thugs","floor":11,"turns":4},{"damage":0,"enemies":"Gremlin Gang","floor":14,"turns":5},{"damage":23,"enemies":"Hexaghost","floor":16,"turns":15},{"damage":0,"enemies":"Chosen","floor":18,"turns":4},{"damage":3,"enemies":"Shell Parasite","floor":20,"turns":4},{"damage":7,"enemies":"Snake Plant","floor":21,"turns":4},{"damage":3,"enemies":"Centurion and Healer","floor":22,"turns":6},{"damage":9,"enemies":"Slavers","floor":24,"turns":6},{"damage":12,"enemies":"Gremlin Leader","floor":28,"turns":4},{"damage":0,"enemies":"Cultist and Chosen","floor":31,"turns":5},{"damage":5,"enemies":"Collector","floor":33,"turns":6},{"damage":0,"enemies":"3 Darklings","floor":35,"turns":4},{"damage":7,"enemies":"Mind Bloom Boss Battle","floor":37,"turns":4},{"damage":0,"enemies":"Orb Walker","floor":38,"turns":2},{"damage":0,"enemies":"Reptomancer","floor":41,"turns":4},{"damage":6,"enemies":"Writhing Mass","floor":44,"turns":3},{"damage":0,"enemies":"Transient","floor":48,"turns":5},{"damage":7,"enemies":"Time Eater","floor":50,"turns":6}],"seed_played":"3201627531735232483","potions_obtained":[{"floor":3,"key":"Energy Potion"},{"floor":5,"key":"Block Potion"},{"floor":14,"key":"Dexterity Potion"},{"floor":18,"key":"Fire Potion"},{"floor":24,"key":"Dexterity Potion"},{"floor":31,"key":"Fruit Juice"},{"floor":35,"key":"Ancient Potion"},{"floor":38,"key":"SkillPotion"},{"floor":44,"key":"GamblersBrew"},{"floor":47,"key":"Fruit Juice"},{"floor":47,"key":"DuplicationPotion"}],"is_trial":false,"path_per_floor":["M","?","M","?","M","R","T","E","T","M","M","R","T","M","R","B",null,"M","$","M","M","M","R","E","$","T","?","E","?","R","M","R","B",null,"M","$","?","M","?","R","E","R","T","M","R","$","?","M","R","B",null],"character_chosen":"WATCHER","items_purchased":["PathToVictory","DollysMirror","BottledMiracle","SpeedPotion","Regen Potion"],"campfire_rested":2,"item_purchase_floors":[19,25,36,36,36],"current_hp_per_floor":[72,72,72,72,72,72,72,57,57,57,57,57,57,57,57,34,63,63,63,60,53,50,50,41,41,41,41,29,29,50,55,55,50,70,70,70,63,63,63,63,63,63,63,57,57,57,62,62,82,75],"gold":171,"neow_bonus":"RANDOM_COMMON_RELIC","is_prod":false,"is_daily":false,"chose_seed":false,"campfire_upgraded":6,"win_rate":0,"timestamp":1576908233,"path_taken":["M","?","M","?","M","R","?","E","T","M","M","R","?","M","R","BOSS","M","$","M","M","M","R","E","$","T","?","E","?","R","?","R","BOSS","M","$","?","M","?","R","E","R","T","M","R","$","?","M","R","BOSS"],"build_version":"2019-10-30","purchased_purges":3,"victory":true,"max_hp_per_floor":[72,72,72,72,72,72,72,72,72,72,72,72,72,72,72,72,72,72,72,72,72,72,72,72,72,72,72,72,72,72,77,77,77,77,77,77,77,77,77,77,77,77,77,77,77,77,82,82,82,82],"card_choices":[{"not_picked":["Consecrate","Nirvana"],"picked":"Evaluate","floor":1},{"not_picked":["Halt","CutThroughFate"],"picked":"WaveOfTheHand","floor":3},{"not_picked":["ThirdEye","Conclude"],"picked":"PathToVictory","floor":5},{"not_picked":["JustLucky","DevaForm"],"picked":"Protect","floor":8},{"not_picked":["CutThroughFate","EmptyBody","JustLucky"],"picked":"SKIP","floor":10},{"not_picked":["ThirdEye","DeceiveReality","EmptyFist"],"picked":"SKIP","floor":11},{"not_picked":["LessonLearned","FlyingSleeves"],"picked":"Evaluate","floor":14},{"not_picked":["Judgement","SpiritShield"],"picked":"Scrawl","floor":16},{"not_picked":["FollowUp+1","Weave+1","SashWhip"],"picked":"SKIP","floor":18},{"not_picked":["TalkToTheHand","FearNoEvil+1","Indignation"],"picked":"SKIP","floor":20},{"not_picked":["Consecrate","TalkToTheHand","BattleHymn"],"picked":"SKIP","floor":21},{"not_picked":["SashWhip+1","CutThroughFate","SandsOfTime+1"],"picked":"SKIP","floor":22},{"not_picked":["CarveReality+1","FlurryOfBlows","Tantrum"],"picked":"SKIP","floor":24},{"not_picked":["DevaForm","Weave","BowlingBash"],"picked":"SKIP","floor":28},{"not_picked":["Halt+1","CrushJoints+1","WaveOfTheHand+1"],"picked":"SKIP","floor":31},{"not_picked":["Consecrate+1","Prostrate+1","Adaptation+1"],"picked":"SKIP","floor":35},{"not_picked":["CarveReality","Crescendo","Nirvana"],"picked":"SKIP","floor":38},{"not_picked":["Evaluate","WheelKick+1","Study"],"picked":"SKIP","floor":41},{"not_picked":["Meditate+1","JustLucky+1","FlurryOfBlows"],"picked":"SKIP","floor":44},{"not_picked":["Crescendo+1","EmptyBody+1","Evaluate"],"picked":"SKIP","floor":48}],"player_experience":160811,"relics_obtained":[{"floor":7,"key":"Boot"},{"floor":8,"key":"MawBank"},{"floor":9,"key":"Gremlin Horn"},{"floor":13,"key":"Pen Nib"},{"floor":24,"key":"Potion Belt"},{"floor":26,"key":"Bag of Marbles"},{"floor":28,"key":"Ornamental Fan"},{"floor":34,"key":"Happy Flower"},{"floor":34,"key":"Letter Opener"},{"floor":34,"key":"Ice Cream"},{"floor":37,"key":"Calipers"},{"floor":41,"key":"Shovel"},{"floor":42,"key":"Regal Pillow"},{"floor":43,"key":"Blue Candle"},{"floor":45,"key":"Juzu Bracelet"}],"event_choices":[{"damage_healed":0,"gold_gain":0,"cards_transformed":["Defend_P"],"player_choice":"Change","damage_taken":0,"max_hp_gain":0,"max_hp_loss":0,"event_name":"Living Wall","floor":2,"gold_loss":0,"cards_obtained":["Judgement"]},{"cards_removed":["Strike_P"],"damage_healed":0,"gold_gain":0,"player_choice":"Card Removal","damage_taken":0,"max_hp_gain":0,"max_hp_loss":0,"event_name":"The Cleric","floor":4,"gold_loss":50},{"damage_healed":0,"gold_gain":0,"player_choice":"Ignored","damage_taken":0,"max_hp_gain":0,"max_hp_loss":0,"event_name":"Vampires","floor":27,"gold_loss":0},{"damage_healed":0,"gold_gain":0,"player_choice":"Gave Potion","damage_taken":0,"relics_obtained":["TeardropLocket"],"max_hp_gain":0,"max_hp_loss":0,"event_name":"WeMeetAgain","floor":29,"gold_loss":0},{"damage_healed":0,"gold_gain":0,"player_choice":"Fight","damage_taken":0,"max_hp_gain":0,"max_hp_loss":0,"event_name":"MindBloom","floor":37,"gold_loss":0},{"damage_healed":0,"gold_gain":0,"player_choice":"Ignored","damage_taken":0,"max_hp_gain":0,"max_hp_loss":0,"event_name":"Mysterious Sphere","floor":39,"gold_loss":0},{"damage_healed":0,"gold_gain":0,"player_choice":"Got Potions","damage_taken":0,"max_hp_gain":0,"max_hp_loss":0,"event_name":"Lab","floor":47,"gold_loss":0}],"is_beta":true,"boss_relics":[{"not_picked":["Coffee Dripper","SacredBark"],"picked":"Astrolabe"},{"not_picked":["Tiny House","Cursed Key"],"picked":"Calling Bell"}],"items_purged_floors":[19,25,46],"is_endless":false,"potions_floor_spawned":[3,5,14,18,24,31,35,38,44,48],"ascension_level":5}