{"gold_per_floor":[119,119,69,144,159,193,208,227,227,227,402,421,438,451,451,551,551,567,567,567,112,124,124,144,144,220,220,233,233,233,244,244,244],"floor_reached":33,"playtime":1435,"items_purged":["Doubt"],"score":343,"play_id":"0cee10c9-7d21-4c96-aca7-8cd439d4e5e3","local_time":"20191219121832","is_ascension_mode":true,"campfire_choices":[{"data":"TalkToTheHand","floor":10.0,"key":"SMITH"},{"data":"FlyingSleeves","floor":15.0,"key":"SMITH"},{"data":"Writhe","floor":23.0,"key":"PURGE"},{"data":"Eruption","floor":25.0,"key":"PURGE"},{"data":"Strike_P","floor":27.0,"key":"PURGE"},{"floor":29.0,"key":"REST"},{"data":"Blasphemy","floor":32.0,"key":"SMITH"}],"neow_cost":"NONE","seed_source_timestamp":57134219847378,"circlet_count":0,"master_deck":["Strike_P","Strike_P+1","Defend_P+1","Vigilance","TalkToTheHand+1","FlyingSleeves+1","Wireheading","JustLucky","FollowUp","Blasphemy+1","Vengeance+1","ConjureBlade+1","InnerPeace+1","ThirdEye+1","Nirvana","CutThroughFate","Perseverance"],"special_seed":0,"relics":["PureWater","NeowsBlessing","Meat on the Bone","Incense Burner","Astrolabe","TungstenRod","Peace Pipe","Bottled Flame"],"potions_floor_usage":[],"damage_taken":[{"damage":0.0,"enemies":"Small Slimes","floor":1.0,"turns":1.0},{"damage":0.0,"enemies":"Jaw Worm","floor":5.0,"turns":1.0},{"damage":0.0,"enemies":"3 Sentries","floor":6.0,"turns":2.0},{"damage":0.0,"enemies":"2 Louse","floor":7.0,"turns":2.0},{"damage":0.0,"enemies":"2 Fungi Beasts","floor":8.0,"turns":4.0},{"damage":0.0,"enemies":"Blue Slaver","floor":12.0,"turns":4.0},{"damage":0.0,"enemies":"Large Slime","floor":13.0,"turns":4.0},{"damage":7.0,"enemies":"3 Louse","floor":14.0,"turns":3.0},{"damage":34.0,"enemies":"The Guardian","floor":16.0,"turns":13.0},{"damage":10.0,"enemies":"Chosen","floor":18.0,"turns":3.0},{"damage":10.0,"enemies":"2 Thieves","floor":22.0,"turns":3.0},{"damage":5.0,"enemies":"Snecko","floor":24.0,"turns":5.0},{"damage":25.0,"enemies":"3 Cultists","floor":28.0,"turns":5.0},{"damage":6.0,"enemies":"Cultist and Chosen","floor":31.0,"turns":6.0},{"damage":54,"enemies":"Collector","floor":33,"turns":6}],"seed_played":"4212659381950979162","potions_obtained":[{"floor":6.0,"key":"SkillPotion"},{"floor":7.0,"key":"Ambrosia"},{"floor":8.0,"key":"Ambrosia"},{"floor":16.0,"key":"Explosive Potion"},{"floor":24.0,"key":"ColorlessPotion"}],"is_trial":false,"path_per_floor":["M","?","?","?","M","E","M","M","T","R","?","M","M","M","R","B",null,"M","?","?","$","M","R","M","R","T","R","M","R","?","M","R","B"],"character_chosen":"WATCHER","items_purchased":["Nirvana","Peace Pipe"],"campfire_rested":1,"item_purchase_floors":[21,21],"current_hp_per_floor":[72,58,58,47,47,47,47,47,47,47,47,47,47,40,40,18,59,49,49,72,72,62,62,57,57,57,57,44,65,59,53,53,0],"gold":244,"neow_bonus":"THREE_ENEMY_KILL","is_prod":false,"is_daily":false,"chose_seed":false,"campfire_upgraded":3,"win_rate":0,"timestamp":1576739912,"path_taken":["M","?","?","?","M","E","M","M","T","R","?","M","M","M","R","BOSS","M","?","?","$","M","R","M","R","T","R","M","R","?","M","R","BOSS"],"build_version":"2019-10-30","purchased_purges":1,"victory":false,"max_hp_per_floor":[72,72,72,72,72,72,72,72,72,72,72,72,72,72,72,72,72,72,72,72,72,72,72,72,72,72,72,72,72,72,72,72,72],"card_choices":[{"not_picked":["CutThroughFate","BattleHymn"],"picked":"TalkToTheHand","floor":1.0},{"not_picked":["CutThroughFate","ThirdEye"],"picked":"FlyingSleeves","floor":5.0},{"not_picked":["Fasting2","Evaluate"],"picked":"Wireheading","floor":6.0},{"not_picked":["Consecrate","Prostrate"],"picked":"JustLucky","floor":7.0},{"not_picked":["Consecrate","Meditate","ReachHeaven"],"picked":"SKIP","floor":8.0},{"not_picked":["CrushJoints","Wallop"],"picked":"FollowUp","floor":12.0},{"not_picked":["Worship","PathToVictory","LikeWater"],"picked":"SKIP","floor":13.0},{"not_picked":["SandsOfTime","WheelKick","WindmillStrike"],"picked":"SKIP","floor":14.0},{"not_picked":["Judgement","ConjureBlade"],"picked":"Blasphemy","floor":16.0},{"not_picked":["SashWhip","Halt"],"picked":"ThirdEye+1","floor":18.0},{"not_picked":["ThirdEye+1","FollowUp"],"picked":"CutThroughFate","floor":22.0},{"not_picked":["ForeignInfluence","FollowUp"],"picked":"Perseverance","floor":24.0},{"not_picked":["Study+1","Prostrate","Halt"],"picked":"SKIP","floor":28.0},{"not_picked":["Study+1","Prostrate","Halt"],"picked":"SKIP","floor":28.0},{"not_picked":["EmptyFist","BowlingBash","Pray"],"picked":"SKIP","floor":31.0}],"player_experience":151556,"relics_obtained":[{"floor":6.0,"key":"Meat on the Bone"},{"floor":9.0,"key":"Incense Burner"},{"floor":26.0,"key":"Bottled Flame"}],"event_choices":[{"damage_healed":0.0,"max_hp_gain":0.0,"max_hp_loss":0.0,"gold_gain":0.0,"event_name":"Shining Light","player_choice":"Entered Light","floor":2.0,"gold_loss":0.0,"damage_taken":14.0,"cards_upgraded":["Defend_P","Strike_P"]},{"cards_removed":["Strike_P"],"damage_healed":0.0,"max_hp_gain":0.0,"max_hp_loss":0.0,"gold_gain":0.0,"event_name":"The Cleric","player_choice":"Card Removal","floor":3.0,"gold_loss":50.0,"damage_taken":0.0},{"damage_healed":0.0,"max_hp_gain":0.0,"max_hp_loss":0.0,"gold_gain":75.0,"event_name":"World of Goop","player_choice":"Gather Gold","floor":4.0,"gold_loss":0.0,"damage_taken":11.0},{"damage_healed":0.0,"max_hp_gain":0.0,"max_hp_loss":0.0,"gold_gain":175.0,"event_name":"Liars Game","player_choice":"AGREE","floor":11.0,"gold_loss":0.0,"damage_taken":0.0,"cards_obtained":["Doubt"]},{"damage_healed":0.0,"max_hp_gain":0.0,"max_hp_loss":0.0,"gold_gain":0.0,"event_name":"The Mausoleum","player_choice":"Opened","floor":19.0,"gold_loss":0.0,"damage_taken":0.0,"relics_obtained":["TungstenRod"],"cards_obtained":["Writhe"]},{"damage_healed":24.0,"max_hp_gain":0.0,"max_hp_loss":0.0,"gold_gain":0.0,"event_name":"The Library","player_choice":"Heal","floor":20.0,"gold_loss":0.0,"damage_taken":0.0},{"damage_healed":0.0,"max_hp_gain":0.0,"max_hp_loss":0.0,"gold_gain":0.0,"event_name":"Wheel of Change","player_choice":"Damaged","floor":30.0,"gold_loss":0.0,"damage_taken":7.0}],"is_beta":true,"boss_relics":[{"not_picked":["SacredBark","HolyWater"],"picked":"Astrolabe"}],"items_purged_floors":[21],"is_endless":false,"potions_floor_spawned":[6,7,8,16,24],"killed_by":"Collector","ascension_level":5}