{"gold_per_floor":[12,27,27,40,115,135,135,135,162,174,174,189,114,134,134,234,234,246,521,303,315,315],"floor_reached":22,"playtime":1023,"items_purged":["Defend_P","Regret"],"score":223,"play_id":"eadc19d3-a728-4d90-ab2e-aa809d2aac44","local_time":"20191214132411","is_ascension_mode":true,"campfire_choices":[{"floor":7,"key":"REST"},{"floor":11,"key":"REST"},{"data":"Worship","floor":15,"key":"SMITH"}],"neow_cost":"NO_GOLD","seed_source_timestamp":2675152963809553,"circlet_count":0,"master_deck":["Strike_P","Strike_P+1","Strike_P","Strike_P","Eruption+1","Vigilance","Protect","Wireheading","Worship+1","DeceiveReality","SpiritShield","InnerPeace","Study","CarveReality","SignatureMove+1"],"relics":["PureWater","CloakClasp","Dream Catcher","Empty Cage"],"potions_floor_usage":[6,16,16,16],"damage_taken":[{"damage":0,"enemies":"Small Slimes","floor":1,"turns":6},{"damage":0,"enemies":"Cultist","floor":2,"turns":2},{"damage":0,"enemies":"Jaw Worm","floor":4,"turns":3},{"damage":10,"enemies":"Large Slime","floor":6,"turns":8},{"damage":1,"enemies":"Looter","floor":10,"turns":3},{"damage":10,"enemies":"Red Slaver","floor":12,"turns":8},{"damage":13,"enemies":"3 Louse","floor":14,"turns":4},{"damage":12,"enemies":"Hexaghost","floor":16,"turns":13},{"damage":8,"enemies":"Shell Parasite","floor":18,"turns":8},{"damage":4,"enemies":"2 Thieves","floor":21,"turns":4},{"damage":42,"enemies":"Shelled Parasite and Fungi","floor":22,"turns":7}],"seed_played":"-2952881002634086129","potions_obtained":[{"floor":4,"key":"GamblersBrew"},{"floor":6,"key":"SteroidPotion"},{"floor":10,"key":"LiquidMemories"},{"floor":12,"key":"SteroidPotion"},{"floor":21,"key":"BottledMiracle"}],"is_trial":false,"path_per_floor":["M","M","?","M","?","M","R","?","T","M","R","M","$","M","R","B",null,"M","?","$","M","M"],"character_chosen":"WATCHER","items_purchased":["Study","CarveReality"],"campfire_rested":2,"item_purchase_floors":[20,20],"current_hp_per_floor":[72,72,72,72,61,51,72,58,58,57,72,62,62,49,49,37,63,55,55,55,51,9],"gold":315,"neow_bonus":"ONE_RARE_RELIC","is_prod":false,"is_daily":false,"chose_seed":false,"campfire_upgraded":1,"win_rate":0,"timestamp":1576311851,"path_taken":["M","M","?","?","?","M","R","?","T","M","R","M","$","M","R","BOSS","M","?","$","M","?"],"build_version":"2019-10-30","purchased_purges":2,"victory":false,"max_hp_per_floor":[72,72,72,72,72,72,72,72,72,72,72,72,72,72,72,72,72,72,72,72,72,72],"card_choices":[{"not_picked":["EmptyBody","Fasting2","Pray"],"picked":"SKIP","floor":1},{"not_picked":["Indignation","ThirdEye","CrushJoints"],"picked":"SKIP","floor":2},{"not_picked":["EmptyBody","Prostrate","SashWhip"],"picked":"SKIP","floor":4},{"not_picked":["EmptyBody","Vault"],"picked":"Protect","floor":6},{"not_picked":["Swivel","Halt","ThirdEye"],"picked":"SKIP","floor":10},{"not_picked":["EmptyMind","CrushJoints"],"picked":"Wireheading","floor":11},{"not_picked":["Adaptation","Prostrate"],"picked":"Worship","floor":12},{"not_picked":["FlurryOfBlows","LikeWater"],"picked":"DeceiveReality","floor":14},{"not_picked":["Ragnarok","DevaForm"],"picked":"SpiritShield","floor":16},{"not_picked":["FlurryOfBlows","Crescendo"],"picked":"InnerPeace","floor":18},{"not_picked":["CrushJoints","Evaluate"],"picked":"SignatureMove+1","floor":21}],"player_experience":139739,"relics_obtained":[{"floor":9,"key":"Dream Catcher"}],"event_choices":[{"cards_removed":["Defend_P"],"damage_healed":0,"gold_gain":0,"player_choice":"Purged","damage_taken":0,"max_hp_gain":0,"max_hp_loss":0,"event_name":"Purifier","floor":3,"gold_loss":0},{"damage_healed":0,"gold_gain":75,"player_choice":"Gather Gold","damage_taken":11,"max_hp_gain":0,"max_hp_loss":0,"event_name":"World of Goop","floor":5,"gold_loss":0},{"damage_healed":0,"gold_gain":0,"player_choice":"Entered Light","damage_taken":14,"max_hp_gain":0,"max_hp_loss":0,"event_name":"Shining Light","floor":8,"gold_loss":0,"cards_upgraded":["Strike_P","Eruption"]},{"damage_healed":0,"gold_gain":275,"player_choice":"Desecrate","damage_taken":0,"max_hp_gain":0,"max_hp_loss":0,"event_name":"Golden Shrine","floor":19,"gold_loss":0,"cards_obtained":["Regret"]}],"is_beta":true,"boss_relics":[{"not_picked":["Philosopher\u0027s Stone","Busted Crown"],"picked":"Empty Cage"}],"items_purged_floors":[13,20],"is_endless":false,"potions_floor_spawned":[4,6,10,12,21],"killed_by":"Shelled Parasite and Fungi","ascension_level":5}