{"gold_per_floor":[110,128,139,139,155,155,174,185,230,230,260,260,260,286,286,396,396,412,412,412,412,422,422,445,210,210,248,248,275,286,300,300,300],"floor_reached":33,"playtime":1325,"items_purged":["Defend_P"],"score":326,"play_id":"864c0d60-6634-4153-8e64-ab1882a54b36","local_time":"20191218204449","is_ascension_mode":true,"campfire_choices":[{"data":"WaveOfTheHand","floor":6.0,"key":"SMITH"},{"data":"TalkToTheHand","floor":10.0,"key":"SMITH"},{"data":"Perseverance","floor":12.0,"key":"SMITH"},{"data":"Consecrate","floor":15.0,"key":"SMITH"},{"data":"DevaForm","floor":23.0,"key":"SMITH"},{"floor":28,"key":"REST"},{"floor":32,"key":"REST"}],"neow_cost":"NONE","seed_source_timestamp":1273787669918,"circlet_count":0,"master_deck":["Strike_P+1","Defend_P","Defend_P","Eruption+1","Vigilance+1","PathToVictory+1","Conclude+1","Perseverance+1","TalkToTheHand+1","WaveOfTheHand+1","Perseverance+1","Consecrate+1","DevaForm+1","EmptyBody+1","LikeWater","LikeWater","Wireheading","Nirvana","PathToVictory","Wireheading"],"special_seed":0,"relics":["Astrolabe","Lantern","CeramicFish","Runic Pyramid","The Courier","Dream Catcher","Ice Cream","Whetstone"],"potions_floor_usage":[30,33],"damage_taken":[{"damage":0.0,"enemies":"Small Slimes","floor":1.0,"turns":1.0},{"damage":2.0,"enemies":"Jaw Worm","floor":2.0,"turns":3.0},{"damage":2.0,"enemies":"Cultist","floor":3.0,"turns":4.0},{"damage":7.0,"enemies":"Red Slaver","floor":5.0,"turns":4.0},{"damage":4.0,"enemies":"3 Louse","floor":7.0,"turns":3.0},{"damage":3.0,"enemies":"Blue Slaver","floor":8.0,"turns":3.0},{"damage":0.0,"enemies":"Large Slime","floor":14.0,"turns":2.0},{"damage":20.0,"enemies":"Hexaghost","floor":16.0,"turns":13.0},{"damage":0.0,"enemies":"Spheric Guardian","floor":18.0,"turns":4.0},{"damage":1.0,"enemies":"2 Thieves","floor":22.0,"turns":3.0},{"damage":0.0,"enemies":"3 Cultists","floor":24.0,"turns":3.0},{"damage":44,"enemies":"Gremlin Leader","floor":27,"turns":7},{"damage":0,"enemies":"Snecko","floor":29,"turns":6},{"damage":8,"enemies":"Shelled Parasite and Fungi","floor":30,"turns":7},{"damage":22,"enemies":"Snake Plant","floor":31,"turns":5},{"damage":31,"enemies":"Automaton","floor":33,"turns":6}],"seed_played":"8686247969950624290","potions_obtained":[{"floor":2.0,"key":"Explosive Potion"},{"floor":3.0,"key":"SteroidPotion"},{"floor":7.0,"key":"Explosive Potion"},{"floor":14.0,"key":"Dexterity Potion"},{"floor":22.0,"key":"Dexterity Potion"},{"floor":24.0,"key":"LiquidBronze"}],"is_trial":false,"path_per_floor":["M","M","M","?","M","R","M","M","T","R","?","R","?","M","R","B",null,"M","?","?","T","M","R","M","$","T","E","R","M","M","M","R","B"],"character_chosen":"WATCHER","items_purchased":["LikeWater","LikeWater","Wireheading","Nirvana"],"campfire_rested":2,"item_purchase_floors":[25,25,25,25],"current_hp_per_floor":[72,70,68,54,47,47,43,40,40,40,40,40,40,40,40,20,59,59,59,59,59,58,58,58,58,58,14,35,35,27,5,26,0],"gold":300,"neow_bonus":"BOSS_RELIC","is_prod":false,"is_daily":false,"chose_seed":false,"campfire_upgraded":5,"win_rate":0,"timestamp":1576683889,"path_taken":["M","M","M","?","M","R","M","M","T","R","?","R","?","?","R","BOSS","M","?","?","?","M","R","M","$","T","E","R","M","M","M","R","BOSS"],"build_version":"2019-10-30","purchased_purges":1,"victory":false,"max_hp_per_floor":[72,72,72,72,72,72,72,72,72,72,72,72,72,72,72,72,72,72,72,72,72,72,72,72,72,72,72,72,72,72,72,72,72],"card_choices":[{"not_picked":["EmptyFist","Worship"],"picked":"TalkToTheHand","floor":1.0},{"not_picked":["JustLucky","Study"],"picked":"WaveOfTheHand","floor":2.0},{"not_picked":["WaveOfTheHand","SashWhip","Crescendo"],"picked":"SKIP","floor":3.0},{"not_picked":["TalkToTheHand","Conclude"],"picked":"Perseverance","floor":5.0},{"not_picked":["Ragnarok","ThirdEye","SashWhip"],"picked":"SKIP","floor":7.0},{"not_picked":["SandsOfTime","Nirvana","CutThroughFate"],"picked":"SKIP","floor":8.0},{"not_picked":["Indignation","Evaluate"],"picked":"Consecrate","floor":14.0},{"not_picked":["LessonLearned","ConjureBlade"],"picked":"DevaForm","floor":16.0},{"not_picked":["Conclude","Wallop+1","EmptyMind"],"picked":"SKIP","floor":18.0},{"not_picked":["CutThroughFate","FlurryOfBlows","Prostrate"],"picked":"SKIP","floor":22.0},{"not_picked":["InnerPeace","Halt"],"picked":"EmptyBody+1","floor":24.0},{"not_picked":["ConjureBlade","Protect"],"picked":"PathToVictory","floor":27},{"not_picked":["Collect","ThirdEye"],"picked":"Wireheading","floor":29},{"not_picked":["SashWhip","MasterReality","Swivel"],"picked":"SKIP","floor":30},{"not_picked":["FlyingSleeves+1","FlurryOfBlows","DeceiveReality"],"picked":"SKIP","floor":31}],"player_experience":150231,"relics_obtained":[{"floor":9.0,"key":"Lantern"},{"floor":21.0,"key":"Dream Catcher"},{"floor":26.0,"key":"Ice Cream"},{"floor":27,"key":"Whetstone"}],"event_choices":[{"damage_healed":0.0,"max_hp_gain":0.0,"max_hp_loss":0.0,"gold_gain":0.0,"event_name":"Shining Light","player_choice":"Entered Light","floor":4.0,"gold_loss":0.0,"damage_taken":14.0,"cards_upgraded":["Eruption","Strike_P"]},{"damage_healed":0.0,"max_hp_gain":0.0,"max_hp_loss":0.0,"gold_gain":30.0,"event_name":"Dead Adventurer","player_choice":"Searched \u00272\u0027 times","floor":11.0,"gold_loss":0.0,"damage_taken":0.0,"relics_obtained":["CeramicFish"]},{"damage_healed":0.0,"max_hp_gain":0.0,"max_hp_loss":0.0,"gold_gain":0.0,"event_name":"Upgrade Shrine","player_choice":"Upgraded","floor":13.0,"gold_loss":0.0,"damage_taken":0.0,"cards_upgraded":["Vigilance"]},{"damage_healed":0.0,"max_hp_gain":0.0,"max_hp_loss":0.0,"gold_gain":0.0,"event_name":"The Mausoleum","player_choice":"Opened","floor":19.0,"gold_loss":0.0,"damage_taken":0.0,"relics_obtained":["The Courier"]},{"cards_removed":["Strike_P"],"damage_healed":0.0,"max_hp_gain":0.0,"max_hp_loss":0.0,"gold_gain":0.0,"event_name":"Back to Basics","player_choice":"Elegance","floor":20.0,"gold_loss":0.0,"damage_taken":0.0}],"is_beta":true,"boss_relics":[{"not_picked":["SlaversCollar","Sozu"],"picked":"Runic Pyramid"}],"items_purged_floors":[25],"is_endless":false,"potions_floor_spawned":[2,3,7,8,14,22,24,29],"killed_by":"Automaton","ascension_level":5}