{"gold_per_floor":[114,133,144,144,319,350,350,362,385,404,414,427,427,457,457,457],"floor_reached":16,"playtime":830,"items_purged":[],"score":143,"play_id":"e1d30ebe-9d06-457a-ab73-53927643d276","local_time":"20191219215005","is_ascension_mode":true,"campfire_choices":[{"data":"WindmillStrike","floor":7,"key":"SMITH"},{"floor":13,"key":"REST"},{"floor":15,"key":"REST"}],"neow_cost":"NONE","seed_source_timestamp":92128979075100,"circlet_count":0,"master_deck":["Strike_P","Strike_P","Strike_P","Defend_P+1","Defend_P","Defend_P+1","Eruption","Vigilance","Evaluate","WindmillStrike+1","Protect","BowlingBash","Doubt","CutThroughFate","CarveReality","TalkToTheHand"],"relics":["PureWater","War Paint","Vajra","Pen Nib"],"potions_floor_usage":[6,12,14,16],"damage_taken":[{"damage":3,"enemies":"2 Louse","floor":1,"turns":4},{"damage":1,"enemies":"Jaw Worm","floor":2,"turns":3},{"damage":0,"enemies":"Cultist","floor":3,"turns":2},{"damage":23,"enemies":"3 Sentries","floor":6,"turns":11},{"damage":0,"enemies":"2 Fungi Beasts","floor":8,"turns":5},{"damage":7,"enemies":"Exordium Wildlife","floor":10,"turns":4},{"damage":7,"enemies":"Red Slaver","floor":11,"turns":7},{"damage":8,"enemies":"Lots of Slimes","floor":12,"turns":4},{"damage":25,"enemies":"Lagavulin","floor":14,"turns":9},{"damage":40,"enemies":"Hexaghost","floor":16,"turns":10}],"seed_played":"-8049898688919847608","potions_obtained":[{"floor":1,"key":"AttackPotion"},{"floor":6,"key":"BottledMiracle"},{"floor":11,"key":"AttackPotion"},{"floor":12,"key":"SpeedPotion"}],"is_trial":false,"path_per_floor":["M","M","M","?","?","E","R","M","T","M","M","M","R","E","R","B"],"character_chosen":"WATCHER","items_purchased":[],"campfire_rested":2,"item_purchase_floors":[],"current_hp_per_floor":[69,68,68,68,68,45,45,45,45,38,31,23,44,19,40,0],"gold":457,"neow_bonus":"TRANSFORM_CARD","is_prod":false,"is_daily":false,"chose_seed":false,"campfire_upgraded":1,"win_rate":0,"timestamp":1576774205,"path_taken":["M","M","M","?","?","E","R","M","T","M","M","?","R","E","R","BOSS"],"build_version":"2019-10-30","purchased_purges":0,"victory":false,"max_hp_per_floor":[72,72,72,72,72,72,72,72,72,72,72,72,72,72,72,72],"card_choices":[{"not_picked":["MentalFortress","CrushJoints"],"picked":"WindmillStrike","floor":1},{"not_picked":["Evaluate","ClearTheMind","Nirvana"],"picked":"SKIP","floor":2},{"not_picked":["Study","BattleHymn"],"picked":"Protect","floor":3},{"not_picked":["Evaluate","SpiritShield"],"picked":"CutThroughFate","floor":6},{"not_picked":["EmptyFist","SignatureMove","Crescendo"],"picked":"SKIP","floor":8},{"not_picked":["FearNoEvil","FlurryOfBlows","ForeignInfluence"],"picked":"SKIP","floor":10},{"not_picked":["FlurryOfBlows","FearNoEvil"],"picked":"CarveReality","floor":11},{"not_picked":["ThirdEye","Halt","Study"],"picked":"SKIP","floor":12},{"not_picked":["ClearTheMind","Halt"],"picked":"TalkToTheHand","floor":14}],"player_experience":155850,"relics_obtained":[{"floor":6,"key":"War Paint"},{"floor":9,"key":"Vajra"},{"floor":14,"key":"Pen Nib"}],"event_choices":[{"damage_healed":0,"gold_gain":0,"cards_transformed":["Defend_P"],"player_choice":"Change","damage_taken":0,"max_hp_gain":0,"max_hp_loss":0,"event_name":"Living Wall","floor":4,"gold_loss":0,"cards_obtained":["BowlingBash"]},{"damage_healed":0,"gold_gain":175,"player_choice":"AGREE","damage_taken":0,"max_hp_gain":0,"max_hp_loss":0,"event_name":"Liars Game","floor":5,"gold_loss":0,"cards_obtained":["Doubt"]}],"is_beta":true,"boss_relics":[],"items_purged_floors":[],"is_endless":false,"potions_floor_spawned":[1,6,11,12],"killed_by":"Hexaghost","ascension_level":5}