{"gold_per_floor":[112,131,148,163,175,175,193,213,213,233,308,308,308,16,16,111,161,181,181,181,192,192,192,212,228,228,247,247,247],"floor_reached":29,"playtime":1460,"items_purged":[],"score":287,"play_id":"b478d165-6d5a-416b-8270-487a17fe1a86","local_time":"20191222092639","is_ascension_mode":true,"campfire_choices":[{"data":"SashWhip","floor":6.0,"key":"SMITH"},{"data":"Wallop","floor":12,"key":"SMITH"},{"data":"Eruption","floor":15,"key":"SMITH"},{"floor":23,"key":"REST"},{"floor":28,"key":"REST"}],"neow_cost":"TEN_PERCENT_HP_LOSS","seed_source_timestamp":306039450914429,"circlet_count":0,"master_deck":["Strike_P+1","Strike_P","Defend_P","Defend_P","Defend_P","Eruption+1","Vigilance","Meditate","DevaForm","Vengeance","Swivel","SashWhip+1","CrushJoints+1","FlurryOfBlows","Wallop+1","Consecrate","Shame","MentalFortress","Halt","DeceiveReality+1"],"special_seed":0,"relics":["PureWater","Shuriken","Ginger","Tiny House","Bag of Marbles","CultistMask","Ancient Tea Set"],"potions_floor_usage":[16,21,24,25,27],"damage_taken":[{"damage":0.0,"enemies":"Cultist","floor":1.0,"turns":3.0},{"damage":0.0,"enemies":"Jaw Worm","floor":2.0,"turns":4.0},{"damage":0.0,"enemies":"Small Slimes","floor":3.0,"turns":5.0},{"damage":0.0,"enemies":"Exordium Wildlife","floor":4.0,"turns":4.0},{"damage":0.0,"enemies":"3 Louse","floor":5.0,"turns":5.0},{"damage":0.0,"enemies":"Blue Slaver","floor":7.0,"turns":4.0},{"damage":9.0,"enemies":"Lots of Slimes","floor":8.0,"turns":3.0},{"damage":0,"enemies":"Exordium Wildlife","floor":10,"turns":3},{"damage":23,"enemies":"Hexaghost","floor":16,"turns":9},{"damage":42,"enemies":"Spheric Guardian","floor":18,"turns":6},{"damage":0,"enemies":"Chosen","floor":21,"turns":4},{"damage":13,"enemies":"Centurion and Healer","floor":24,"turns":5},{"damage":12,"enemies":"Snake Plant","floor":25,"turns":4},{"damage":17,"enemies":"Snecko","floor":27,"turns":5},{"damage":28,"enemies":"Shelled Parasite and Fungi","floor":29,"turns":4}],"seed_played":"1791201618478461134","potions_obtained":[{"floor":1.0,"key":"DuplicationPotion"},{"floor":2.0,"key":"Weak Potion"},{"floor":3.0,"key":"Regen Potion"},{"floor":7.0,"key":"Fire Potion"},{"floor":17,"key":"BottledMiracle"},{"floor":18,"key":"ColorlessPotion"},{"floor":24,"key":"BlessingOfTheForge"}],"is_trial":false,"path_per_floor":["M","M","M","M","M","R","M","M","T","M","?","R","?","$","R","B",null,"M","?","?","M","?","R","M","M","T","M","R","M"],"character_chosen":"WATCHER","items_purchased":["Ginger"],"campfire_rested":2,"item_purchase_floors":[14],"current_hp_per_floor":[65,65,65,65,65,65,65,56,56,56,45,45,38,38,38,15,58,16,16,16,25,25,46,33,21,21,4,25,0],"gold":247,"neow_bonus":"TRANSFORM_TWO_CARDS","is_prod":false,"is_daily":false,"chose_seed":false,"campfire_upgraded":3,"win_rate":0,"timestamp":1576988799,"path_taken":["M","M","M","M","M","R","M","M","T","?","?","R","?","?","R","BOSS","M","?","?","?","?","R","?","M","T","M","R","M"],"build_version":"2019-10-30","purchased_purges":0,"victory":false,"max_hp_per_floor":[65,65,65,65,65,65,65,65,65,65,65,65,65,65,65,65,70,70,70,70,70,70,70,70,70,70,70,70,70],"card_choices":[{"not_picked":["Perseverance","Indignation"],"picked":"Vengeance","floor":1.0},{"not_picked":["Prostrate","PathToVictory"],"picked":"Swivel","floor":2.0},{"not_picked":["Weave","ClearTheMind","Swivel"],"picked":"SKIP","floor":3.0},{"not_picked":["FearNoEvil","Protect"],"picked":"SashWhip","floor":4.0},{"not_picked":["FlyingSleeves","Nirvana","JustLucky"],"picked":"SKIP","floor":5.0},{"not_picked":["Nirvana","DeceiveReality"],"picked":"CrushJoints","floor":7.0},{"not_picked":["Meditate","Wireheading"],"picked":"FlurryOfBlows","floor":8.0},{"not_picked":["Worship","Blasphemy"],"picked":"Wallop","floor":10},{"not_picked":["FearNoEvil","Collect"],"picked":"Consecrate","floor":17},{"not_picked":["EmptyBody","BowlingBash","Wallop"],"picked":"SKIP","floor":18},{"not_picked":["CutThroughFate","EmptyFist","PathToVictory"],"picked":"SKIP","floor":21},{"not_picked":["BattleHymn+1","WreathOfFlame"],"picked":"MentalFortress","floor":24},{"not_picked":["Crescendo","ThirdEye"],"picked":"Halt","floor":25},{"not_picked":["DevaForm","CarveReality"],"picked":"DeceiveReality+1","floor":27}],"player_experience":168544,"relics_obtained":[{"floor":9.0,"key":"Shuriken"},{"floor":26,"key":"Ancient Tea Set"}],"event_choices":[{"damage_healed":0,"gold_gain":75,"player_choice":"Gather Gold","damage_taken":11,"max_hp_gain":0,"max_hp_loss":0,"event_name":"World of Goop","floor":11,"gold_loss":0},{"cards_removed":["Defend_P"],"damage_healed":0,"gold_gain":0,"player_choice":"Card Removal","damage_taken":7,"max_hp_gain":0,"max_hp_loss":0,"event_name":"Golden Wing","floor":13,"gold_loss":0},{"damage_healed":0,"gold_gain":0,"player_choice":"Stole Relic","damage_taken":0,"relics_obtained":["Bag of Marbles"],"max_hp_gain":0,"max_hp_loss":0,"event_name":"Addict","floor":19,"gold_loss":0,"cards_obtained":["Shame"]},{"damage_healed":0,"gold_gain":0,"player_choice":"Trade","damage_taken":0,"relics_obtained":["CultistMask"],"max_hp_gain":0,"max_hp_loss":0,"event_name":"FaceTrader","floor":20,"gold_loss":0},{"damage_healed":0,"gold_gain":0,"player_choice":"Upgraded","damage_taken":0,"max_hp_gain":0,"max_hp_loss":0,"event_name":"Upgrade Shrine","floor":22,"gold_loss":0,"cards_upgraded":["CrushJoints"]}],"is_beta":true,"boss_relics":[{"not_picked":["Cursed Key","Coffee Dripper"],"picked":"Tiny House"}],"items_purged_floors":[],"is_endless":false,"potions_floor_spawned":[1,2,3,7,18,24],"killed_by":"Shelled Parasite and Fungi","ascension_level":6}