{"gold_per_floor":[111,111,130,149,166,166,166,166,213,213,138,152,152,152,152,255,255,272,222,33,49,49,83,182,182,209,222,138,138,168,186,186,289,289,302,59,75,101,116,116,116,116,116,116,131,143,143,92,92,92],"floor_reached":51,"playtime":2013,"items_purged":["Defend_P","Meditate+1"],"score":858,"play_id":"fbdc8287-557d-4040-bcbf-9a1d3b1f9938","local_time":"20191212085657","is_ascension_mode":true,"campfire_choices":[{"data":"Eruption","floor":6,"key":"SMITH"},{"floor":8,"key":"REST"},{"data":"Adaptation","floor":10,"key":"SMITH"},{"data":"EmptyFist","floor":15,"key":"SMITH"},{"data":"Apotheosis","floor":25,"key":"SMITH"},{"floor":29,"key":"REST"},{"floor":32,"key":"REST"},{"floor":40,"key":"REST"},{"floor":42,"key":"REST"},{"data":"MentalFortress","floor":44,"key":"SMITH"},{"data":"MentalFortress","floor":49,"key":"SMITH"}],"neow_cost":"NONE","seed_source_timestamp":2485299075898010,"circlet_count":0,"master_deck":["Defend_P+1","Eruption+1","Vigilance+1","Tantrum","ClearTheMind","Adaptation+1","Crescendo+1","EmptyFist+1","Consecrate+1","Apotheosis+1","Wireheading","Wallop","FlurryOfBlows","MentalFortress+1","MentalFortress+1","WindmillStrike+1","JustLucky+1"],"relics":["VioletLotus","Bag of Marbles","Mummified Hand","Sozu","Orichalcum","Happy Flower","Regal Pillow","Astrolabe","War Paint","Lantern","CloakClasp","Meat on the Bone"],"potions_floor_usage":[33,50],"damage_taken":[{"damage":1,"enemies":"2 Louse","floor":1,"turns":3},{"damage":0,"enemies":"Cultist","floor":3,"turns":3},{"damage":0,"enemies":"Jaw Worm","floor":4,"turns":3},{"damage":3,"enemies":"Blue Slaver","floor":5,"turns":3},{"damage":0,"enemies":"3 Louse","floor":12,"turns":1},{"damage":17,"enemies":"The Guardian","floor":16,"turns":11},{"damage":0,"enemies":"Chosen","floor":18,"turns":4},{"damage":15,"enemies":"2 Thieves","floor":21,"turns":3},{"damage":5,"enemies":"Book of Stabbing","floor":23,"turns":4},{"damage":10,"enemies":"Shelled Parasite and Fungi","floor":27,"turns":3},{"damage":14,"enemies":"Gremlin Leader","floor":30,"turns":4},{"damage":0,"enemies":"Sentry and Sphere","floor":31,"turns":3},{"damage":0,"enemies":"Collector","floor":33,"turns":6},{"damage":33,"enemies":"3 Darklings","floor":35,"turns":3},{"damage":0,"enemies":"Orb Walker","floor":37,"turns":2},{"damage":32,"enemies":"4 Shapes","floor":39,"turns":7},{"damage":4,"enemies":"Sphere and 2 Shapes","floor":45,"turns":3},{"damage":0,"enemies":"Spire Growth","floor":46,"turns":5},{"damage":3,"enemies":"Time Eater","floor":50,"turns":9}],"seed_played":"9105207379361276044","potions_obtained":[{"floor":1,"key":"Swift Potion"},{"floor":3,"key":"LiquidMemories"}],"is_trial":false,"path_per_floor":["M","?","M","M","M","R","?","R","T","R","$","M","?","T","R","B",null,"M","?","$","M","?","E","?","R","T","M","$","R","E","M","R","B",null,"M","$","M","T","M","R","?","R","T","R","M","M","?","?","R","B",null],"character_chosen":"WATCHER","items_purchased":["Apotheosis","FlurryOfBlows","MentalFortress","War Paint"],"campfire_rested":5,"item_purchase_floors":[20,28,28,36],"current_hp_per_floor":[71,71,71,71,68,68,54,72,72,72,72,72,72,72,72,55,72,72,72,72,57,57,52,52,52,52,42,42,63,49,49,72,72,72,39,39,39,39,7,43,43,72,72,72,68,68,68,68,68,65],"gold":92,"neow_bonus":"BOSS_RELIC","is_prod":false,"is_daily":false,"chose_seed":false,"campfire_upgraded":6,"win_rate":0,"timestamp":1576123017,"path_taken":["M","?","M","?","M","R","?","R","T","R","$","M","?","?","R","BOSS","M","?","?","M","?","E","?","R","T","M","$","R","E","?","R","BOSS","M","$","M","?","M","R","?","R","T","R","M","M","?","?","R","BOSS"],"build_version":"2019-10-30","purchased_purges":2,"victory":true,"max_hp_per_floor":[72,72,72,72,72,72,72,72,72,72,72,72,72,72,72,72,72,72,72,72,72,72,72,72,72,72,72,72,72,72,72,72,72,72,72,72,72,72,72,72,72,72,72,72,72,72,68,68,68,68],"card_choices":[{"not_picked":["CrushJoints","Crescendo"],"picked":"Tantrum","floor":1},{"not_picked":["FlyingSleeves","PathToVictory"],"picked":"ClearTheMind","floor":3},{"not_picked":["Omniscience","WaveOfTheHand"],"picked":"Adaptation","floor":4},{"not_picked":["FlyingSleeves","Protect","BowlingBash"],"picked":"SKIP","floor":5},{"not_picked":["FollowUp","Evaluate"],"picked":"Crescendo","floor":12},{"not_picked":["Swivel","PathToVictory"],"picked":"Consecrate+1","floor":18},{"not_picked":["FollowUp+1","JustLucky","Wireheading"],"picked":"SKIP","floor":21},{"not_picked":["FollowUp+1","JustLucky"],"picked":"Wireheading","floor":21},{"not_picked":["PathToVictory+1","JustLucky","FollowUp"],"picked":"SKIP","floor":23},{"not_picked":["BowlingBash","WheelKick"],"picked":"Wallop","floor":27},{"not_picked":["ClearTheMind+1","Vengeance"],"picked":"MentalFortress","floor":30},{"not_picked":["WaveOfTheHand","CrushJoints","Protect"],"picked":"SKIP","floor":31},{"not_picked":["CutThroughFate","EmptyFist","ForeignInfluence"],"picked":"SKIP","floor":35},{"not_picked":["Worship","FlyingSleeves+1","Prostrate+1"],"picked":"SKIP","floor":37},{"not_picked":["BowlingBash","Meditate","Prostrate+1"],"picked":"SKIP","floor":39},{"not_picked":["ThirdEye+1","Crescendo","JustLucky+1"],"picked":"SKIP","floor":45},{"not_picked":["CarveReality","InnerPeace+1","Conclude+1"],"picked":"SKIP","floor":46}],"player_experience":129624,"relics_obtained":[{"floor":9,"key":"Bag of Marbles"},{"floor":14,"key":"Mummified Hand"},{"floor":23,"key":"Orichalcum"},{"floor":26,"key":"Happy Flower"},{"floor":30,"key":"Regal Pillow"},{"floor":38,"key":"Lantern"},{"floor":43,"key":"CloakClasp"}],"event_choices":[{"cards_removed":["Strike_P"],"damage_healed":0,"gold_gain":0,"player_choice":"Purged","damage_taken":0,"max_hp_gain":0,"max_hp_loss":0,"event_name":"Purifier","floor":2,"gold_loss":0},{"damage_healed":0,"gold_gain":0,"player_choice":"Entered Light","damage_taken":14,"max_hp_gain":0,"max_hp_loss":0,"event_name":"Shining Light","floor":7,"gold_loss":0,"cards_upgraded":["Strike_P","Defend_P"]},{"damage_healed":0,"gold_gain":0,"cards_transformed":["Strike_P"],"player_choice":"Change","damage_taken":0,"max_hp_gain":0,"max_hp_loss":0,"event_name":"Living Wall","floor":13,"gold_loss":0,"cards_obtained":["EmptyFist"]},{"damage_healed":0,"gold_gain":0,"player_choice":"Bet on Murderer","damage_taken":0,"max_hp_gain":0,"max_hp_loss":0,"event_name":"The Joust","floor":19,"gold_loss":50},{"cards_removed":["Strike_P"],"damage_healed":0,"gold_gain":0,"player_choice":"Elegance","damage_taken":0,"max_hp_gain":0,"max_hp_loss":0,"event_name":"Back to Basics","floor":22,"gold_loss":0},{"damage_healed":0,"gold_gain":99,"player_choice":"Stole From Cult","damage_taken":0,"max_hp_gain":0,"max_hp_loss":0,"event_name":"Nest","floor":24,"gold_loss":0},{"damage_healed":0,"gold_gain":0,"player_choice":"Ignored","damage_taken":0,"max_hp_gain":0,"max_hp_loss":0,"event_name":"Mysterious Sphere","floor":41,"gold_loss":0},{"damage_healed":0,"gold_gain":0,"player_choice":"Max HP","damage_taken":0,"max_hp_gain":0,"max_hp_loss":4,"event_name":"Winding Halls","floor":47,"gold_loss":0},{"damage_healed":0,"gold_gain":0,"player_choice":"Paid Gold","damage_taken":0,"relics_obtained":["Meat on the Bone"],"max_hp_gain":0,"max_hp_loss":0,"event_name":"WeMeetAgain","floor":48,"gold_loss":51}],"is_beta":true,"boss_relics":[{"not_picked":["Cursed Key","Black Star"],"picked":"Sozu"},{"not_picked":["Philosopher\u0027s Stone","Snecko Eye"],"picked":"Astrolabe"}],"items_purged_floors":[11,36],"is_endless":false,"potions_floor_spawned":[1,3,23,31,33,39,46],"ascension_level":4}