{"gold_per_floor":[112,112,128,145,164,164,179,179,179,196,196,51,68,68,68,172,172,192,82,109,309,325,325,359,378,378,378],"floor_reached":27,"playtime":1096,"items_purged":["SignatureMove"],"score":371,"play_id":"f0282dcc-c51a-4a6c-b913-05c860f254fe","local_time":"20191223204706","is_ascension_mode":true,"campfire_choices":[{"floor":6,"key":"REST"},{"data":"PathToVictory","floor":15,"key":"SMITH"},{"floor":23,"key":"REST"}],"neow_cost":"PERCENT_DAMAGE","seed_source_timestamp":433708101790235,"circlet_count":0,"master_deck":["Eruption","Vigilance","PathToVictory","DeusExMachina","PathToVictory+1","Evaluate","Scrawl","Evaluate","Protect","Evaluate","Scrawl","Alpha","Swivel","DevaForm","WindmillStrike","Establishment","InnerPeace","LikeWater+1","WaveOfTheHand","WindmillStrike+1"],"relics":["PureWater","StoneCalendar","Potion Belt","Orrery","Pandora\u0027s Box","Red Mask","Lantern","Mercury Hourglass"],"potions_floor_usage":[8,16,16,20,24,27],"damage_taken":[{"damage":0,"enemies":"Small Slimes","floor":1,"turns":3},{"damage":0,"enemies":"Cultist","floor":3,"turns":2},{"damage":1,"enemies":"2 Louse","floor":4,"turns":2},{"damage":20,"enemies":"Gremlin Gang","floor":5,"turns":6},{"damage":1,"enemies":"Large Slime","floor":7,"turns":5},{"damage":11,"enemies":"Gremlin Nob","floor":8,"turns":3},{"damage":7,"enemies":"Exordium Thugs","floor":10,"turns":4},{"damage":0,"enemies":"Blue Slaver","floor":13,"turns":4},{"damage":0,"enemies":"Slime Boss","floor":16,"turns":6},{"damage":2,"enemies":"Shell Parasite","floor":18,"turns":3},{"damage":25,"enemies":"Masked Bandits","floor":20,"turns":3},{"damage":0,"enemies":"Chosen","floor":22,"turns":5},{"damage":33,"enemies":"Gremlin Leader","floor":24,"turns":6},{"damage":3,"enemies":"Centurion and Healer","floor":25,"turns":6},{"damage":19,"enemies":"3 Cultists","floor":27,"turns":3}],"seed_played":"2955482691132108074","potions_obtained":[{"floor":5,"key":"SmokeBomb"},{"floor":10,"key":"Swift Potion"},{"floor":11,"key":"DistilledChaos"},{"floor":11,"key":"Energy Potion"},{"floor":11,"key":"Weak Potion"},{"floor":16,"key":"Dexterity Potion"},{"floor":22,"key":"BottledMiracle"},{"floor":24,"key":"LiquidBronze"},{"floor":25,"key":"LiquidBronze"}],"is_trial":false,"path_per_floor":["M","?","M","M","M","R","M","E","T","M","?","$","M","$","R","B",null,"M","$","?","?","M","R","E","M","T","M"],"character_chosen":"WATCHER","items_purchased":["Orrery","WaveOfTheHand"],"campfire_rested":2,"item_purchase_floors":[12,19],"current_hp_per_floor":[47,47,47,46,26,47,46,35,35,28,28,28,28,28,28,28,61,59,59,34,34,34,55,22,19,19,0],"gold":378,"neow_bonus":"ONE_RARE_RELIC","is_prod":false,"is_daily":false,"chose_seed":false,"campfire_upgraded":1,"win_rate":0,"timestamp":1577116026,"path_taken":["M","?","M","M","M","R","M","E","T","M","?","$","?","$","R","BOSS","M","$","?","?","M","R","E","M","T","M"],"build_version":"2019-10-30","purchased_purges":1,"victory":false,"max_hp_per_floor":[72,72,72,72,72,72,72,72,72,72,72,72,72,72,72,72,72,72,72,72,72,72,72,72,72,72,72],"card_choices":[{"not_picked":["FlurryOfBlows","Protect"],"picked":"PathToVictory","floor":1},{"not_picked":["FollowUp","EmptyMind","Consecrate"],"picked":"SKIP","floor":3},{"not_picked":["BowlingBash","ClearTheMind"],"picked":"PathToVictory","floor":4},{"not_picked":["Consecrate","FearNoEvil","CutThroughFate"],"picked":"SKIP","floor":5},{"not_picked":["Crescendo","Halt"],"picked":"Evaluate","floor":7},{"not_picked":["SignatureMove","Wallop"],"picked":"Scrawl","floor":10},{"not_picked":["LikeWater","FlurryOfBlows"],"picked":"Evaluate","floor":12},{"not_picked":["Consecrate","InnerPeace"],"picked":"Protect","floor":12},{"not_picked":["EmptyFist","Sanctity"],"picked":"Evaluate","floor":13},{"not_picked":["Alpha","Devotion"],"picked":"Scrawl","floor":16},{"not_picked":["Halt","Study"],"picked":"LikeWater+1","floor":18},{"not_picked":["EmptyBody","Alpha","Worship+1"],"picked":"SKIP","floor":22},{"not_picked":["EmptyFist","Crescendo+1"],"picked":"WindmillStrike+1","floor":24},{"not_picked":["Sanctity","CutThroughFate+1","BattleHymn"],"picked":"SKIP","floor":25}],"player_experience":172421,"relics_obtained":[{"floor":9,"key":"Potion Belt"},{"floor":20,"key":"Red Mask"},{"floor":24,"key":"Lantern"},{"floor":26,"key":"Mercury Hourglass"}],"event_choices":[{"damage_healed":0,"gold_gain":0,"cards_transformed":["Strike_P"],"player_choice":"Change","damage_taken":0,"max_hp_gain":0,"max_hp_loss":0,"event_name":"Living Wall","floor":2,"gold_loss":0,"cards_obtained":["DeusExMachina"]},{"damage_healed":0,"gold_gain":0,"player_choice":"Got Potions","damage_taken":0,"max_hp_gain":0,"max_hp_loss":0,"event_name":"Lab","floor":11,"gold_loss":0},{"damage_healed":0,"gold_gain":0,"player_choice":"Fought Bandits","damage_taken":0,"max_hp_gain":0,"max_hp_loss":0,"event_name":"Masked Bandits","floor":20,"gold_loss":0},{"damage_healed":0,"gold_gain":250,"player_choice":"Bet on Owner","damage_taken":0,"max_hp_gain":0,"max_hp_loss":0,"event_name":"The Joust","floor":21,"gold_loss":50}],"is_beta":true,"boss_relics":[{"not_picked":["SlaversCollar","Philosopher\u0027s Stone"],"picked":"Pandora\u0027s Box"}],"items_purged_floors":[19],"is_endless":false,"potions_floor_spawned":[5,10,16,22,24,25],"killed_by":"3 Cultists","ascension_level":6}