{"gold_per_floor":[414,67,17,17,30,30,30],"floor_reached":7,"playtime":428,"items_purged":[],"score":51,"play_id":"a6a83842-763d-4457-8d1c-1773490a9ce9","local_time":"20200102211334","is_ascension_mode":true,"campfire_choices":[{"data":"Pray","floor":6,"key":"SMITH"}],"neow_cost":"PERCENT_DAMAGE","seed_source_timestamp":1300036186626193,"circlet_count":0,"master_deck":["Strike_P","Strike_P","Strike_P","Strike_P","Defend_P","Defend_P","Eruption","Vigilance","Pray+1","SashWhip","Evaluate","Wallop","Evaluate","Adaptation"],"relics":["PureWater","Old Coin","Damaru","Orrery"],"potions_floor_usage":[7],"damage_taken":[{"damage":0,"enemies":"Small Slimes","floor":1,"turns":2},{"damage":4,"enemies":"2 Louse","floor":5,"turns":5},{"damage":46,"enemies":"3 Sentries","floor":7,"turns":11}],"seed_played":"-8279232281886702338","potions_obtained":[{"floor":1,"key":"Weak Potion"}],"is_trial":false,"path_per_floor":["M","$","?","?","M","R","E"],"character_chosen":"WATCHER","items_purchased":["Damaru","Pray","Orrery"],"campfire_rested":0,"item_purchase_floors":[2,2,2],"current_hp_per_floor":[47,47,47,47,43,43,0],"gold":30,"neow_bonus":"ONE_RARE_RELIC","is_prod":false,"is_daily":false,"chose_seed":false,"campfire_upgraded":1,"win_rate":0,"timestamp":1577981614,"path_taken":["M","$","?","?","M","R","E"],"build_version":"2019-10-30","purchased_purges":0,"victory":false,"max_hp_per_floor":[72,72,72,72,72,72,72],"card_choices":[{"not_picked":["Indignation","CrushJoints","FollowUp"],"picked":"SKIP","floor":1},{"not_picked":["Alpha","FlyingSleeves"],"picked":"SashWhip","floor":2},{"not_picked":["FlyingSleeves","Crescendo"],"picked":"Evaluate","floor":2},{"not_picked":["FollowUp","CrushJoints"],"picked":"Wallop","floor":2},{"not_picked":["Weave","CrushJoints"],"picked":"Evaluate","floor":2},{"not_picked":["Study","WindmillStrike","Evaluate"],"picked":"SKIP","floor":5}],"player_experience":198116,"relics_obtained":[],"event_choices":[{"cards_removed":["Defend_P"],"damage_healed":0,"gold_gain":0,"player_choice":"Card Removal","damage_taken":0,"max_hp_gain":0,"max_hp_loss":0,"event_name":"The Cleric","floor":3,"gold_loss":50},{"damage_healed":0,"gold_gain":0,"cards_transformed":["Defend_P"],"player_choice":"Change","damage_taken":0,"max_hp_gain":0,"max_hp_loss":0,"event_name":"Living Wall","floor":4,"gold_loss":0,"cards_obtained":["Adaptation"]}],"is_beta":true,"boss_relics":[],"items_purged_floors":[],"is_endless":false,"potions_floor_spawned":[1],"killed_by":"3 Sentries","ascension_level":6}