{"gold_per_floor":[110,285,296,296,57,92,92,155,155,27,27,27,27,39,39,135,135,153,173,173,220,71,71,99,99,125,141,167,180,180,180,180,284,284,300,311,311,311,362,362,45,45,70,79,79,79,92,107,107,107],"floor_reached":50,"playtime":2001,"items_purged":["Regret"],"score":624,"play_id":"2efafae8-c7bb-4b84-aa79-d794fa509450","local_time":"20200102153037","is_ascension_mode":true,"campfire_choices":[{"data":"Nirvana","floor":7.0,"key":"SMITH"},{"data":"Weave","floor":13.0,"key":"SMITH"},{"data":"JustLucky","floor":15.0,"key":"SMITH"},{"data":"Nirvana","floor":23,"key":"SMITH"},{"floor":32,"key":"REST"},{"data":"Omniscience","floor":40,"key":"SMITH"},{"data":"Nirvana","floor":45,"key":"SMITH"},{"floor":49,"key":"REST"}],"neow_cost":"NONE","seed_source_timestamp":1277822952183555,"circlet_count":0,"master_deck":["Strike_P","Strike_P","Strike_P","Strike_P","Defend_P","Defend_P","Defend_P","Eruption","Vigilance","JustLucky+1","Doubt","Wireheading","Nirvana+1","Weave+1","CutThroughFate","Nirvana+1","Omniscience+1","Decay","Nirvana+1","Wireheading","Wireheading","Blind"],"special_seed":0,"relics":["PureWater","NeowsBlessing","Du-Vu Doll","Shuriken","CaptainsWheel","Gambling Chip","Tiny Chest","CeramicFish","ClockworkSouvenir","Nloth\u0027s Gift","Strawberry","StrikeDummy","Busted Crown","Smiling Mask","Mummified Hand","Omamori"],"potions_floor_usage":[18,27,27,27,27,33,33,33,50,50],"damage_taken":[{"damage":0.0,"enemies":"Small Slimes","floor":1.0,"turns":1.0},{"damage":0.0,"enemies":"Jaw Worm","floor":3.0,"turns":1.0},{"damage":0.0,"enemies":"3 Sentries","floor":6.0,"turns":1.0},{"damage":7.0,"enemies":"Lagavulin Event","floor":8.0,"turns":5.0},{"damage":1.0,"enemies":"2 Louse","floor":14.0,"turns":3.0},{"damage":15.0,"enemies":"Hexaghost","floor":16.0,"turns":9.0},{"damage":11,"enemies":"2 Thieves","floor":18,"turns":3},{"damage":10,"enemies":"3 Byrds","floor":19,"turns":6},{"damage":14,"enemies":"Centurion and Healer","floor":24,"turns":5},{"damage":1,"enemies":"3 Cultists","floor":27,"turns":6},{"damage":11,"enemies":"Cultist and Chosen","floor":28,"turns":8},{"damage":18,"enemies":"Chosen and Byrds","floor":29,"turns":6},{"damage":26,"enemies":"Collector","floor":33,"turns":10},{"damage":6,"enemies":"Orb Walker","floor":35,"turns":5},{"damage":0,"enemies":"3 Shapes","floor":36,"turns":6},{"damage":1,"enemies":"Spire Growth","floor":47,"turns":5},{"damage":37,"enemies":"Writhing Mass","floor":48,"turns":9},{"damage":50,"enemies":"Awakened One","floor":50,"turns":7}],"seed_played":"4856552706942419961","potions_obtained":[{"floor":1.0,"key":"EntropicBrew"},{"floor":6.0,"key":"BlessingOfTheForge"},{"floor":8.0,"key":"Explosive Potion"},{"floor":16.0,"key":"Energy Potion"},{"floor":28,"key":"CultistPotion"},{"floor":29,"key":"LiquidBronze"},{"floor":33,"key":"FearPotion"},{"floor":48,"key":"Dexterity Potion"}],"is_trial":false,"path_per_floor":["M","?","M","?","$","E","R","?","T","$","?","$","R","M","R","B",null,"M","M","?","T","$","R","M","?","T","M","M","M","T","?","R","B",null,"M","M","?","?","T","R","$","?","T","?","R","?","M","M","R","B"],"character_chosen":"WATCHER","items_purchased":["Shuriken","CutThroughFate","ClockworkSouvenir","Mummified Hand","Wireheading"],"campfire_rested":2,"item_purchase_floors":[5,10,22,41,41],"current_hp_per_floor":[65,65,65,65,65,65,65,58,58,58,58,58,58,57,57,42,65,54,44,44,44,44,44,30,30,37,36,25,7,7,33,56,30,67,61,61,61,61,61,61,61,61,61,61,61,61,60,23,45,0],"gold":107,"neow_bonus":"THREE_ENEMY_KILL","is_prod":false,"is_daily":false,"chose_seed":false,"campfire_upgraded":6,"win_rate":0,"timestamp":1577961037,"path_taken":["M","?","M","?","$","E","R","?","T","$","?","?","R","M","R","BOSS","M","M","?","?","$","R","?","?","T","?","M","M","?","?","R","BOSS","M","M","?","?","?","R","$","?","T","?","R","?","M","M","R","BOSS"],"build_version":"2019-10-30","purchased_purges":1,"victory":false,"max_hp_per_floor":[72,72,72,72,72,72,72,72,72,72,72,72,72,72,72,72,72,72,72,72,72,72,72,72,72,79,79,79,79,79,79,79,79,79,79,79,79,79,79,79,79,79,79,79,79,75,75,75,75,75],"card_choices":[{"not_picked":["Sanctity","CrushJoints"],"picked":"JustLucky","floor":1.0},{"not_picked":["Perseverance","ForeignInfluence"],"picked":"Wireheading","floor":3.0},{"not_picked":["CrushJoints","TalkToTheHand"],"picked":"Nirvana","floor":6.0},{"not_picked":["Protect","ThirdEye"],"picked":"Weave","floor":8.0},{"not_picked":["CrushJoints","FlurryOfBlows"],"picked":"Nirvana","floor":14.0},{"not_picked":["Scrawl","DevaForm"],"picked":"Omniscience","floor":16.0},{"not_picked":["Study","PathToVictory+1","Sanctity"],"picked":"SKIP","floor":18},{"not_picked":["Consecrate","BowlingBash","PathToVictory+1"],"picked":"SKIP","floor":19},{"not_picked":["WreathOfFlame","Crescendo+1"],"picked":"Nirvana","floor":24},{"not_picked":["DevaForm","EmptyFist","Perseverance"],"picked":"SKIP","floor":27},{"not_picked":["Consecrate","Pray+1"],"picked":"Wireheading","floor":28},{"not_picked":["FlurryOfBlows","PathToVictory+1","CrushJoints+1"],"picked":"SKIP","floor":29},{"not_picked":["FollowUp"],"picked":"SKIP","floor":35},{"not_picked":["Prostrate+1"],"picked":"SKIP","floor":36},{"not_picked":[],"picked":"Blind","floor":44},{"not_picked":["BowlingBash+1"],"picked":"SKIP","floor":47},{"not_picked":["Collect"],"picked":"SKIP","floor":48}],"player_experience":194391,"relics_obtained":[{"floor":6.0,"key":"CaptainsWheel"},{"floor":8.0,"key":"Gambling Chip"},{"floor":9.0,"key":"Tiny Chest"},{"floor":21,"key":"CeramicFish"},{"floor":26,"key":"Strawberry"},{"floor":30,"key":"StrikeDummy"},{"floor":39,"key":"Smiling Mask"},{"floor":43,"key":"Omamori"}],"event_choices":[{"damage_healed":0.0,"max_hp_gain":0.0,"max_hp_loss":0.0,"gold_gain":175.0,"event_name":"Liars Game","player_choice":"AGREE","floor":2.0,"gold_loss":0.0,"damage_taken":0.0,"cards_obtained":["Doubt"]},{"damage_healed":0.0,"max_hp_gain":0.0,"max_hp_loss":0.0,"gold_gain":0.0,"event_name":"Big Fish","player_choice":"Box","floor":4.0,"gold_loss":0.0,"damage_taken":0.0,"relics_obtained":["Du-Vu Doll"],"cards_obtained":["Regret"]},{"damage_healed":0.0,"max_hp_gain":0.0,"max_hp_loss":0.0,"gold_gain":0.0,"event_name":"Dead Adventurer","player_choice":"Searched \u00271\u0027 times","floor":8.0,"gold_loss":0.0,"damage_taken":0.0},{"damage_healed":0.0,"max_hp_gain":0.0,"max_hp_loss":0.0,"gold_gain":0.0,"event_name":"Scrap Ooze","player_choice":"Fled","floor":11.0,"gold_loss":0.0,"damage_taken":0.0},{"damage_healed":0,"gold_gain":0,"player_choice":"Smashed Altar","damage_taken":0,"max_hp_gain":0,"max_hp_loss":0,"event_name":"Forgotten Altar","floor":20,"gold_loss":0,"cards_obtained":["Decay"]},{"damage_healed":0,"gold_gain":0,"player_choice":"Traded Relic","damage_taken":0,"relics_obtained":["Nloth\u0027s Gift"],"max_hp_gain":0,"max_hp_loss":0,"event_name":"N\u0027loth","floor":25,"relics_lost":["SacredBark"],"gold_loss":0},{"damage_healed":26,"gold_gain":0,"player_choice":"Heal","damage_taken":0,"max_hp_gain":0,"max_hp_loss":0,"event_name":"The Library","floor":31,"gold_loss":0},{"damage_healed":0,"gold_gain":0,"player_choice":"Ignored","damage_taken":0,"max_hp_gain":0,"max_hp_loss":0,"event_name":"Tomb of Lord Red Mask","floor":37,"gold_loss":0},{"damage_healed":0,"gold_gain":0,"player_choice":"Ignored","damage_taken":0,"max_hp_gain":0,"max_hp_loss":0,"event_name":"Mysterious Sphere","floor":38,"gold_loss":0},{"cards_removed":["Defend_P"],"damage_healed":0,"gold_gain":0,"player_choice":"Removed Skill","damage_taken":0,"max_hp_gain":0,"max_hp_loss":0,"event_name":"Falling","floor":42,"gold_loss":0},{"damage_healed":0,"gold_gain":0,"player_choice":"Memory 1","damage_taken":0,"max_hp_gain":0,"max_hp_loss":0,"event_name":"SensoryStone","floor":44,"gold_loss":0},{"damage_healed":0,"gold_gain":0,"player_choice":"Max HP","damage_taken":0,"max_hp_gain":0,"max_hp_loss":4,"event_name":"Winding Halls","floor":46,"gold_loss":0}],"is_beta":true,"boss_relics":[{"not_picked":["Pandora\u0027s Box","Velvet Choker"],"picked":"SacredBark"},{"not_picked":["Cursed Key","VioletLotus"],"picked":"Busted Crown"}],"items_purged_floors":[10],"is_endless":false,"potions_floor_spawned":[1,6,8,16,28,29,33,48],"killed_by":"Awakened One","ascension_level":6}