{"gold_per_floor":[114,114,114,130,147,159,159,192,192,224,224,258,258,14,14,144,144,162,175,100,100],"floor_reached":21,"playtime":1094,"items_purged":["Defend_P"],"score":266,"play_id":"aa0e7488-95e3-424d-962b-707ac89fab7b","local_time":"20200110133832","is_ascension_mode":true,"campfire_choices":[{"floor":7.0,"key":"REST"},{"floor":11.0,"key":"REST"},{"data":"Eruption","floor":15.0,"key":"SMITH"}],"neow_cost":"NONE","seed_source_timestamp":133286639674323,"circlet_count":0,"master_deck":["Strike_P","Strike_P","Strike_P","Defend_P","Defend_P","Defend_P","Eruption+1","Vigilance","JustLucky","InnerPeace","FollowUp","SashWhip","Halt","Halt","EmptyBody","Adaptation","EmptyFist","Nirvana","CutThroughFate","Vault","CutThroughFate","JustLucky+1"],"special_seed":0,"relics":["PureWater","Nunchaku","Prayer Wheel","Sundial","Lizard Tail","CloakClasp","InkBottle","Golden Idol","Lee\u0027s Waffle","VioletLotus"],"potions_floor_usage":[],"damage_taken":[{"damage":0.0,"enemies":"Jaw Worm","floor":1.0,"turns":5.0},{"damage":0.0,"enemies":"2 Louse","floor":4.0,"turns":2.0},{"damage":0.0,"enemies":"Cultist","floor":5.0,"turns":2.0},{"damage":7.0,"enemies":"Gremlin Gang","floor":6.0,"turns":5.0},{"damage":19.0,"enemies":"Lagavulin","floor":8.0,"turns":8.0},{"damage":11.0,"enemies":"Gremlin Nob","floor":10.0,"turns":4.0},{"damage":22.0,"enemies":"Lagavulin","floor":12.0,"turns":9.0},{"damage":25.0,"enemies":"The Guardian","floor":16.0,"turns":12.0},{"damage":19,"enemies":"2 Thieves","floor":18,"turns":4},{"damage":21,"enemies":"3 Byrds","floor":19,"turns":7},{"damage":0,"enemies":"Shelled Parasite and Fungi","floor":21,"turns":1}],"seed_played":"-2135187576943225355","potions_obtained":[{"floor":4.0,"key":"DuplicationPotion"},{"floor":12.0,"key":"LiquidMemories"},{"floor":18,"key":"SmokeBomb"},{"floor":19,"key":"AttackPotion"}],"is_trial":false,"path_per_floor":["M","?","?","M","M","M","R","E","T","E","R","E","?","$","R","B",null,"M","M","$","M"],"character_chosen":"WATCHER","items_purchased":["Nirvana","CutThroughFate","Lee\u0027s Waffle"],"campfire_rested":2,"item_purchase_floors":[14,14,14],"current_hp_per_floor":[65,65,40,40,40,33,54,35,35,24,45,23,23,74,74,49,68,49,28,28,28],"gold":100,"neow_bonus":"RANDOM_COMMON_RELIC","is_prod":false,"is_daily":false,"chose_seed":false,"campfire_upgraded":1,"win_rate":0,"timestamp":1578645512,"path_taken":["M","?","?","M","M","M","R","E","T","E","R","E","?","?","R","BOSS","M","M","?","?"],"build_version":"2019-10-30","purchased_purges":1,"victory":false,"max_hp_per_floor":[72,72,72,72,72,72,72,72,72,72,72,72,67,74,74,74,74,74,74,74,74],"card_choices":[{"not_picked":["CrushJoints","FlyingSleeves"],"picked":"JustLucky","floor":1.0},{"not_picked":["Judgement","EmptyBody"],"picked":"FollowUp","floor":4.0},{"not_picked":["Collect","WindmillStrike","PathToVictory"],"picked":"SKIP","floor":4.0},{"not_picked":["Study","EmptyFist"],"picked":"SashWhip","floor":5.0},{"not_picked":["FollowUp","Protect"],"picked":"Halt","floor":5.0},{"not_picked":["Evaluate","Wallop"],"picked":"Halt","floor":6.0},{"not_picked":["Evaluate","Omniscience","ThirdEye"],"picked":"SKIP","floor":6.0},{"not_picked":["Perseverance","Collect"],"picked":"EmptyBody","floor":8.0},{"not_picked":["ReachHeaven","WheelKick"],"picked":"Adaptation","floor":10.0},{"not_picked":["JustLucky","FollowUp"],"picked":"EmptyFist","floor":12.0},{"not_picked":["Devotion","Blasphemy"],"picked":"Vault","floor":16.0},{"not_picked":["FlyingSleeves","Consecrate"],"picked":"CutThroughFate","floor":18},{"not_picked":["Pray","Evaluate","FollowUp"],"picked":"SKIP","floor":18},{"not_picked":["CutThroughFate","FlurryOfBlows+1"],"picked":"JustLucky+1","floor":19},{"not_picked":["SignatureMove+1","FlyingSleeves","CutThroughFate"],"picked":"SKIP","floor":19}],"player_experience":219321,"relics_obtained":[{"floor":8.0,"key":"Sundial"},{"floor":9.0,"key":"Lizard Tail"},{"floor":10.0,"key":"CloakClasp"},{"floor":12.0,"key":"InkBottle"}],"event_choices":[{"damage_healed":0.0,"max_hp_gain":0.0,"max_hp_loss":0.0,"gold_gain":0.0,"cards_transformed":["Strike_P"],"event_name":"Living Wall","player_choice":"Change","floor":2.0,"gold_loss":0.0,"damage_taken":0.0,"cards_obtained":["InnerPeace"]},{"damage_healed":0.0,"max_hp_gain":0.0,"max_hp_loss":0.0,"gold_gain":0.0,"event_name":"Scrap Ooze","player_choice":"Success","floor":3.0,"gold_loss":0.0,"damage_taken":25.0,"relics_obtained":["Prayer Wheel"]},{"damage_healed":0.0,"max_hp_gain":0.0,"max_hp_loss":5.0,"gold_gain":0.0,"event_name":"Golden Idol","player_choice":"Lose Max HP","floor":13.0,"gold_loss":0.0,"damage_taken":0.0,"relics_obtained":["Golden Idol"]}],"is_beta":true,"boss_relics":[{"not_picked":["Snecko Eye","Fusion Hammer"],"picked":"VioletLotus"}],"items_purged_floors":[20],"is_endless":false,"potions_floor_spawned":[4,12,18,19],"killed_by":"Shelled Parasite and Fungi","ascension_level":7}