{"gold_per_floor":[156,201,276,58,100,175,274,355,355,448,62,116,197,299,299,596,596,638,311,226,226,310,415,499,529,529,631,688,688,237,82,82,394,394,433,460,544,228,6,105,210,210,210,303,65,170,195,282,294,615,627,681,342,441,546,603,693,768,864,864,864,496,496,112,214,214,517,517,559,661,760,850,850,850,940,609,696,696,798,798,903,425,425,722,722,758,378,102,135,225,225,31,85,169,319,406,406,406,457,457,745,745,793,880,654,437,527,527,527,605,701,483,585,585,585,666,666,981,981,1017,932,1016,736,814,460,460,553,628,628,727,408,492,570,570,885,885,933,737,902,983,662,662,662,662,758,516,573,573,654,750,750,1053,1053],"floor_reached":153,"playtime":7016,"items_purged":["Strike_P","Eruption","Vigilance","Defend_P","Strike_P","Strike_P","Defend_P","Defend_P+1","Evaluate","WaveOfTheHand+1","Sanctity+1","Judgement+1"],"score":5433,"play_id":"0b47634d-f4c6-44bf-91e1-e382cc118d5e","local_time":"20200113155514","daily_mods":["Heirloom","Time Dilation","Flight","DeadlyEvents","Elite Swarm","Midas"],"is_ascension_mode":false,"campfire_choices":[{"floor":15.0,"key":"REST"},{"floor":29.0,"key":"REST"},{"floor":32.0,"key":"REST"},{"floor":42.0,"key":"REST"},{"floor":49.0,"key":"REST"},{"floor":61.0,"key":"REST"},{"floor":66.0,"key":"REST"},{"floor":74.0,"key":"REST"},{"floor":78.0,"key":"REST"},{"floor":80.0,"key":"REST"},{"floor":83.0,"key":"REST"},{"floor":91.0,"key":"REST"},{"floor":97,"key":"REST"},{"floor":98,"key":"REST"},{"floor":100,"key":"REST"},{"floor":108,"key":"REST"},{"floor":109,"key":"REST"},{"floor":114,"key":"REST"},{"floor":115,"key":"REST"},{"floor":117,"key":"REST"},{"floor":126,"key":"REST"},{"floor":129,"key":"REST"},{"floor":134,"key":"REST"},{"floor":142,"key":"REST"},{"floor":143,"key":"REST"},{"floor":144,"key":"REST"},{"floor":148,"key":"REST"},{"floor":151,"key":"REST"}],"neow_cost":"","seed_source_timestamp":0,"circlet_count":0,"master_deck":["PathToVictory+1","Wireheading+1","LessonLearned+1","Scrawl+1","PathToVictory+1","Scrawl+1","Vault+1","Vault+1","PathToVictory+1","Vault+1"],"special_seed":0,"relics":["HolyWater","FossilizedHelix","Lantern","Blood Vial","Molten Egg 2","Darkstone Periapt","Matryoshka","Meat on the Bone","Membership Card","HornCleat","Pocketwatch","Bronze Scales","Fusion Hammer","Bottled Tornado","InkBottle","Art of War","FaceOfCleric","Tiny Chest","Damaru","Oddly Smooth Stone","PreservedInsect","Orichalcum","War Paint","Orrery","Gremlin Horn","CloakClasp","Incense Burner","Empty Cage","Sundial","Toy Ornithopter","Frozen Egg 2","Strange Spoon","Centennial Puzzle","Happy Flower","Mummified Hand","White Beast Statue","Bag of Preparation","Pear","Ancient Tea Set","Mercury Hourglass","TeardropLocket","MawBank","Potion Belt","Lizard Tail","Vajra","GoldenEye","Anchor","Thread and Needle","Boot","Turnip","Medical Kit","Busted Crown","MealTicket","OrangePellets","Ginger","Nunchaku","Chemical X","Black Star","Shuriken","Bag of Marbles","Frozen Eye","Strawberry","Singing Bowl","Sling","Omamori","Letter Opener","TungstenRod","SlaversCollar","DollysMirror","Dream Catcher","Whetstone","Mango","Akabeko","Regal Pillow","Pen Nib","PrismaticShard","Pandora\u0027s Box","CeramicFish","ClockworkSouvenir","Bird Faced Urn","Melange","Prayer Wheel","Question Card","Toxic Egg 2","Ornamental Fan","HandDrill","Runic Pyramid","Lee\u0027s Waffle","Eternal Feather","Peace Pipe","Yang","TheAbacus","Blue Candle","Pantograph","Kunai","Coffee Dripper"],"potions_floor_usage":[123,123],"damage_taken":[{"damage":0.0,"enemies":"Cultist","floor":1.0,"turns":4.0},{"damage":0.0,"enemies":"Small Slimes","floor":2.0,"turns":2.0},{"damage":0.0,"enemies":"2 Louse","floor":5.0,"turns":2.0},{"damage":0.0,"enemies":"Gremlin Nob","floor":6.0,"turns":3.0},{"damage":14.0,"enemies":"3 Sentries","floor":7.0,"turns":8.0},{"damage":0.0,"enemies":"Gremlin Nob","floor":8.0,"turns":3.0},{"damage":3.0,"enemies":"3 Sentries","floor":10.0,"turns":3.0},{"damage":0.0,"enemies":"Blue Slaver","floor":12.0,"turns":3.0},{"damage":24.0,"enemies":"Gremlin Nob","floor":13.0,"turns":5.0},{"damage":4.0,"enemies":"3 Sentries","floor":14.0,"turns":9.0},{"damage":11.0,"enemies":"Hexaghost","floor":16.0,"turns":10.0},{"damage":3.0,"enemies":"Shell Parasite","floor":18.0,"turns":6.0},{"damage":3.0,"enemies":"Slavers","floor":22.0,"turns":6.0},{"damage":1.0,"enemies":"Book of Stabbing","floor":23.0,"turns":6.0},{"damage":9.0,"enemies":"Slavers","floor":24.0,"turns":6.0},{"damage":0.0,"enemies":"3 Byrds","floor":25.0,"turns":2.0},{"damage":13.0,"enemies":"Gremlin Leader","floor":27.0,"turns":6.0},{"damage":0.0,"enemies":"Shelled Parasite and Fungi","floor":28.0,"turns":3.0},{"damage":21.0,"enemies":"Collector","floor":33.0,"turns":8.0},{"damage":0.0,"enemies":"3 Shapes","floor":35.0,"turns":3.0},{"damage":0.0,"enemies":"Reptomancer","floor":37.0,"turns":4.0},{"damage":0.0,"enemies":"Giant Head","floor":40.0,"turns":3.0},{"damage":0.0,"enemies":"Reptomancer","floor":41.0,"turns":3.0},{"damage":0.0,"enemies":"Giant Head","floor":44.0,"turns":3.0},{"damage":0.0,"enemies":"Nemesis","floor":46.0,"turns":3.0},{"damage":0.0,"enemies":"Giant Head","floor":48.0,"turns":3.0},{"damage":0.0,"enemies":"Time Eater","floor":50.0,"turns":3.0},{"damage":0.0,"enemies":"Small Slimes","floor":52.0,"turns":1.0},{"damage":0.0,"enemies":"Lagavulin","floor":54.0,"turns":1.0},{"damage":0.0,"enemies":"3 Sentries","floor":55.0,"turns":1.0},{"damage":0.0,"enemies":"Cultist","floor":56.0,"turns":1.0},{"damage":0.0,"enemies":"Lagavulin","floor":57.0,"turns":1.0},{"damage":0.0,"enemies":"Gremlin Nob","floor":58.0,"turns":1.0},{"damage":0.0,"enemies":"Lagavulin","floor":59.0,"turns":1.0},{"damage":0.0,"enemies":"3 Sentries","floor":65.0,"turns":1.0},{"damage":0.0,"enemies":"Hexaghost","floor":67.0,"turns":1.0},{"damage":0.0,"enemies":"Spheric Guardian","floor":69.0,"turns":1.0},{"damage":0.0,"enemies":"Gremlin Leader","floor":70.0,"turns":2.0},{"damage":0.0,"enemies":"Slavers","floor":71.0,"turns":1.0},{"damage":0.0,"enemies":"Gremlin Leader","floor":72.0,"turns":1.0},{"damage":0.0,"enemies":"Book of Stabbing","floor":75.0,"turns":1.0},{"damage":0.0,"enemies":"Gremlin Leader","floor":77.0,"turns":1.0},{"damage":0.0,"enemies":"Slavers","floor":79.0,"turns":1.0},{"damage":0.0,"enemies":"Book of Stabbing","floor":81.0,"turns":1.0},{"damage":0.0,"enemies":"Collector","floor":84.0,"turns":1.0},{"damage":0.0,"enemies":"3 Shapes","floor":86.0,"turns":1.0},{"damage":0.0,"enemies":"3 Darklings","floor":89.0,"turns":1.0},{"damage":0.0,"enemies":"Giant Head","floor":90.0,"turns":3.0},{"damage":0,"enemies":"Transient","floor":93,"turns":3},{"damage":0,"enemies":"Nemesis","floor":94,"turns":2},{"damage":0,"enemies":"Mind Bloom Boss Battle","floor":95,"turns":1},{"damage":0,"enemies":"Giant Head","floor":96,"turns":2},{"damage":0,"enemies":"4 Shapes","floor":99,"turns":1},{"damage":0,"enemies":"Donu and Deca","floor":101,"turns":2},{"damage":0,"enemies":"Jaw Worm","floor":103,"turns":2},{"damage":0,"enemies":"Gremlin Nob","floor":104,"turns":1},{"damage":0,"enemies":"Lagavulin","floor":107,"turns":1},{"damage":0,"enemies":"3 Sentries","floor":110,"turns":1},{"damage":0,"enemies":"Gremlin Nob","floor":111,"turns":1},{"damage":0,"enemies":"3 Sentries","floor":113,"turns":2},{"damage":0,"enemies":"Gremlin Nob","floor":116,"turns":1},{"damage":0,"enemies":"The Guardian","floor":118,"turns":3},{"damage":0,"enemies":"Chosen","floor":120,"turns":1},{"damage":0,"enemies":"Book of Stabbing","floor":122,"turns":2},{"damage":0,"enemies":"Gremlin Leader","floor":124,"turns":2},{"damage":0,"enemies":"Book of Stabbing","floor":127,"turns":2},{"damage":0,"enemies":"Slavers","floor":128,"turns":2},{"damage":0,"enemies":"Book of Stabbing","floor":130,"turns":1},{"damage":0,"enemies":"Gremlin Leader","floor":132,"turns":1},{"damage":0,"enemies":"Slavers","floor":133,"turns":1},{"damage":0,"enemies":"Champ","floor":135,"turns":3},{"damage":0,"enemies":"Orb Walker","floor":137,"turns":2},{"damage":0,"enemies":"2 Orb Walkers","floor":139,"turns":2},{"damage":0,"enemies":"Nemesis","floor":140,"turns":2},{"damage":0,"enemies":"Reptomancer","floor":145,"turns":1},{"damage":0,"enemies":"3 Darklings","floor":147,"turns":1},{"damage":0,"enemies":"Giant Head","floor":149,"turns":2},{"damage":0,"enemies":"Reptomancer","floor":150,"turns":1},{"damage":0,"enemies":"Donu and Deca","floor":152,"turns":3}],"seed_played":"-7324115579138424146","potions_obtained":[{"floor":1.0,"key":"FairyPotion"},{"floor":2.0,"key":"Explosive Potion"},{"floor":7.0,"key":"LiquidBronze"},{"floor":13.0,"key":"Dexterity Potion"},{"floor":16.0,"key":"AttackPotion"},{"floor":23.0,"key":"SkillPotion"},{"floor":25.0,"key":"Strength Potion"},{"floor":33.0,"key":"BlessingOfTheForge"},{"floor":48.0,"key":"Swift Potion"},{"floor":50.0,"key":"Block Potion"},{"floor":52.0,"key":"DuplicationPotion"}],"is_trial":true,"path_per_floor":["M","M","?","$","M","E","E","E","T","E","$","M","E","E","R","B",null,"M","$","?","?","E","E","E","M","T","E","M","R","$","$","R","B",null,"M","T","E","$","$","E","E","R","T","E","$","E","T","E","R","B",null,"M","$","E","E","M","E","E","E","T","R","$","?","$","E","R","B",null,"M","E","E","E","?","R","E","$","E","R","E","R","E","$","R","B",null,"M","$","$","M","E","R","$","M","E","?","E","R","R","M","R","B",null,"M","E","$","$","E","R","R","E","E","$","E","R","R","E","R","B",null,"M","?","E","$","E","$","R","E","E","R","E","$","E","E","R","B",null,"M","$","?","E","$","R","R","R","E","$","M","R","E","E","R","B",null],"character_chosen":"WATCHER","items_purchased":["Lantern","Membership Card","WaveOfTheHand","HornCleat","Wireheading","Bottled Tornado","Evaluate","InkBottle","Orrery","Gremlin Horn","CloakClasp","PowerPotion","Incense Burner","Strange Spoon","Centennial Puzzle","Happy Flower","Mummified Hand","Mercury Hourglass","Lizard Tail","Vajra","Anchor","Thread and Needle","Turnip","Medical Kit","MealTicket","OrangePellets","PathToVictory","Ginger","Nunchaku","Chemical X","Shuriken","Bag of Marbles","Frozen Eye","Fruit Juice","EntropicBrew","Strawberry","Singing Bowl","Sling","Omamori","Letter Opener","DollysMirror","Dream Catcher","Whetstone","Mango","Akabeko","Regal Pillow","Pen Nib","PrismaticShard","ClockworkSouvenir","Bird Faced Urn","Fruit Juice","Melange","Prayer Wheel","Question Card","Toxic Egg 2","Ornamental Fan","HandDrill","Lee\u0027s Waffle","Eternal Feather","Yang","TheAbacus","Blue Candle","Pantograph","Kunai"],"campfire_rested":28,"item_purchase_floors":[4,11,11,11,11,19,19,19,30,30,30,30,31,38,38,38,39,45,53,53,62,62,64,64,76,76,76,82,82,82,87,87,87,87,87,88,88,88,92,92,105,105,105,106,106,112,112,112,123,123,123,125,125,125,131,131,131,138,138,141,141,141,146,146],"current_hp_per_floor":[72,72,61,61,61,61,49,51,51,50,50,52,42,40,61,52,72,69,69,69,69,69,71,65,68,68,58,61,78,78,78,78,58,79,80,80,81,81,81,82,83,83,93,94,94,95,95,96,96,97,97,98,98,99,100,101,102,103,104,104,104,104,97,97,100,105,106,106,107,108,109,110,87,115,116,116,117,117,118,118,119,119,119,120,120,121,126,133,136,139,139,139,142,145,148,151,151,151,154,154,157,157,160,163,163,177,180,182,184,187,190,190,193,195,197,200,202,205,205,208,208,211,216,219,219,221,224,227,229,232,232,235,238,240,243,243,248,255,258,261,261,263,265,267,270,270,275,277,280,283,285,288,288],"gold":1053,"neow_bonus":"","is_prod":false,"is_daily":false,"chose_seed":false,"campfire_upgraded":0,"win_rate":0,"timestamp":1578912914,"path_taken":["M","?","?","$","M","E","E","E","T","E","$","?","E","?","R","BOSS","M","$","?","?","?","E","E","?","T","?","?","R","$","$","R","BOSS","M","?","?","$","$","E","E","R","T","E","$","E","?","?","R","BOSS","M","$","?","?","?","E","E","E","T","R","$","?","$","E","R","BOSS","M","?","?","?","?","R","E","$","E","R","E","R","E","$","R","BOSS","M","$","$","M","?","R","$","?","E","?","E","R","R","?","R","BOSS","M","?","$","$","?","R","R","E","E","$","E","R","R","?","R","BOSS","M","?","?","$","?","$","R","?","E","R","E","$","E","E","R","BOSS","M","$","?","?","$","R","R","R","E","$","?","R","E","?","R","BOSS"],"build_version":"2019-10-30","purchased_purges":12,"victory":false,"max_hp_per_floor":[72,72,72,72,72,72,72,72,72,72,72,72,72,72,72,72,72,72,72,72,72,73,74,75,76,76,77,78,78,78,78,78,79,79,80,80,81,81,81,82,83,83,93,94,94,95,95,96,96,97,97,98,98,99,100,101,102,103,104,104,104,104,104,104,105,105,106,106,107,108,109,110,115,115,116,116,117,117,118,118,119,119,119,120,120,121,126,133,136,139,139,139,142,145,148,151,151,151,154,154,157,157,160,163,163,177,180,182,184,187,190,190,193,195,197,200,202,205,205,208,208,211,216,219,219,221,224,227,229,232,232,235,238,240,243,243,248,255,258,261,261,263,265,267,270,270,275,277,280,283,285,288,288],"card_choices":[{"not_picked":["Protect","Crescendo"],"picked":"Sanctity","floor":1.0},{"not_picked":["JustLucky","Nirvana"],"picked":"PathToVictory","floor":2.0},{"not_picked":["Prostrate","InnerPeace","CutThroughFate"],"picked":"SKIP","floor":5.0},{"not_picked":["Ragnarok","DevaForm","SpiritShield"],"picked":"SKIP","floor":6.0},{"not_picked":["DevaForm","Vault"],"picked":"Judgement","floor":7.0},{"not_picked":["Ragnarok+1","Brilliance+1","DevaForm"],"picked":"SKIP","floor":8.0},{"not_picked":["DevaForm","Omniscience","DeusExMachina"],"picked":"SKIP","floor":10.0},{"not_picked":["Crescendo","Meditate","MentalFortress"],"picked":"SKIP","floor":12.0},{"not_picked":["ConjureBlade","Wish"],"picked":"LessonLearned+1","floor":13.0},{"not_picked":["DeusExMachina","Establishment","Judgement"],"picked":"SKIP","floor":14.0},{"not_picked":["FlurryOfBlows+1","Wallop+1","Crescendo"],"picked":"SKIP","floor":18.0},{"not_picked":["ConjureBlade","SpiritShield","DeusExMachina"],"picked":"SKIP","floor":22.0},{"not_picked":["Judgement","ConjureBlade"],"picked":"Scrawl","floor":23.0},{"not_picked":["Judgement","MasterReality","SpiritShield"],"picked":"SKIP","floor":24.0},{"not_picked":["SandsOfTime+1","CutThroughFate+1","Worship+1"],"picked":"SKIP","floor":25.0},{"not_picked":["ConjureBlade","Wish","Establishment"],"picked":"SKIP","floor":27.0},{"not_picked":["Weave+1","Adaptation","ClearTheMind"],"picked":"SKIP","floor":28.0},{"not_picked":["FlyingSleeves+1","EmptyBody+1"],"picked":"PathToVictory","floor":35.0},{"not_picked":["Devotion","SpiritShield","Judgement"],"picked":"SKIP","floor":37.0},{"not_picked":["Brilliance+1","Judgement","DeusExMachina"],"picked":"SKIP","floor":40.0},{"not_picked":["Wish","Establishment+1","SpiritShield"],"picked":"SKIP","floor":41.0},{"not_picked":["MasterReality+1","Omniscience","ConjureBlade"],"picked":"SKIP","floor":44.0},{"not_picked":["DeusExMachina","SpiritShield","LessonLearned+1"],"picked":"SKIP","floor":46.0},{"not_picked":["Ragnarok+1","Blasphemy","ConjureBlade"],"picked":"SKIP","floor":48.0},{"not_picked":["Crescendo","ReachHeaven+1","Halt"],"picked":"SKIP","floor":52.0},{"not_picked":["ConjureBlade","Wish","Omniscience"],"picked":"SKIP","floor":54.0},{"not_picked":["Establishment+1","Alpha","LessonLearned+1"],"picked":"SKIP","floor":55.0},{"not_picked":["WheelKick+1","EmptyFist+1","Consecrate+1"],"picked":"SKIP","floor":56.0},{"not_picked":["Blasphemy","DeusExMachina","Scrawl"],"picked":"SKIP","floor":57.0},{"not_picked":["Judgement","Omniscience"],"picked":"Scrawl","floor":58.0},{"not_picked":["LessonLearned+1","Ragnarok+1","Devotion+1"],"picked":"SKIP","floor":59.0},{"not_picked":["Devotion+1","MasterReality+1","LessonLearned+1"],"picked":"SKIP","floor":65.0},{"not_picked":["Devotion+1","LessonLearned+1"],"picked":"Vault","floor":67.0},{"not_picked":["WheelKick+1"],"picked":"SKIP","floor":69.0},{"not_picked":["Omniscience"],"picked":"SKIP","floor":70.0},{"not_picked":[],"picked":"Vault","floor":71.0},{"not_picked":["Wish"],"picked":"SKIP","floor":72.0},{"not_picked":["Ragnarok+1"],"picked":"SKIP","floor":75.0},{"not_picked":["Wish"],"picked":"SKIP","floor":77.0},{"not_picked":["LessonLearned+1"],"picked":"SKIP","floor":79.0},{"not_picked":["LessonLearned+1"],"picked":"SKIP","floor":79.0},{"not_picked":["DeusExMachina"],"picked":"SKIP","floor":81.0},{"not_picked":["CrushJoints+1"],"picked":"SKIP","floor":86.0},{"not_picked":["Prostrate+1"],"picked":"Singing Bowl","floor":89.0},{"not_picked":["Judgement"],"picked":"Singing Bowl","floor":90.0},{"not_picked":["DeceiveReality+1"],"picked":"Singing Bowl","floor":93},{"not_picked":["DevaForm+1"],"picked":"Singing Bowl","floor":94},{"not_picked":["JustLucky+1"],"picked":"Singing Bowl","floor":95},{"not_picked":["Devotion+1"],"picked":"Singing Bowl","floor":96},{"not_picked":["Indignation+1"],"picked":"Singing Bowl","floor":99},{"not_picked":["Devotion+1"],"picked":"Singing Bowl","floor":101},{"not_picked":["WheelKick+1"],"picked":"Singing Bowl","floor":103},{"not_picked":["Vault"],"picked":"Singing Bowl","floor":104},{"not_picked":["Devotion+1"],"picked":"Singing Bowl","floor":107},{"not_picked":["JustLucky+1"],"picked":"Singing Bowl","floor":108},{"not_picked":["ThirdEye"],"picked":"Singing Bowl","floor":109},{"not_picked":["Omniscience"],"picked":"Singing Bowl","floor":110},{"not_picked":["Establishment+1"],"picked":"Singing Bowl","floor":111},{"not_picked":["Violence"],"picked":"Singing Bowl","floor":113},{"not_picked":["Armaments"],"picked":"Singing Bowl","floor":114},{"not_picked":["Flying Knee+1"],"picked":"Singing Bowl","floor":115},{"not_picked":["Devotion+1"],"picked":"Singing Bowl","floor":116},{"not_picked":["CutThroughFate+1"],"picked":"Singing Bowl","floor":117},{"not_picked":["Corpse Explosion"],"picked":"Singing Bowl","floor":118},{"not_picked":["Doom and Gloom+1"],"picked":"Singing Bowl","floor":120},{"not_picked":["Transmutation"],"picked":"Singing Bowl","floor":122},{"not_picked":["Unload+1"],"picked":"Singing Bowl","floor":124},{"not_picked":["Slice+1","Wild Strike+1"],"picked":"Singing Bowl","floor":126},{"not_picked":["Venomology","Die Die Die+1"],"picked":"Singing Bowl","floor":127},{"not_picked":["Omniscience","Master of Strategy"],"picked":"Singing Bowl","floor":128},{"not_picked":["Conserve Battery+1","Armaments"],"picked":"Singing Bowl","floor":129},{"not_picked":["Seek","MasterReality+1"],"picked":"Singing Bowl","floor":130},{"not_picked":["Meteor Strike+1","SpiritShield+1"],"picked":"Singing Bowl","floor":132},{"not_picked":["ConjureBlade+1","DeusExMachina+1"],"picked":"Singing Bowl","floor":133},{"not_picked":["Go for the Eyes+1","Perseverance+1"],"picked":"Singing Bowl","floor":134},{"not_picked":["Grand Finale+1","Judgement+1"],"picked":"Singing Bowl","floor":135},{"not_picked":["Undo+1","Rage+1"],"picked":"Singing Bowl","floor":137},{"not_picked":["Headbutt+1","Auto Shields+1"],"picked":"Singing Bowl","floor":137},{"not_picked":["Shrug It Off+1","Wild Strike+1"],"picked":"Singing Bowl","floor":139},{"not_picked":["All For One+1","Master of Strategy+1"],"picked":"Singing Bowl","floor":140},{"not_picked":["Entrench+1","Jack Of All Trades+1"],"picked":"Singing Bowl","floor":142},{"not_picked":["Wild Strike+1","Sucker Punch+1"],"picked":"Singing Bowl","floor":143},{"not_picked":["Thunderclap+1","Sword Boomerang+1"],"picked":"Singing Bowl","floor":144},{"not_picked":["Exhume+1","SpiritShield+1"],"picked":"Singing Bowl","floor":145},{"not_picked":["Perfected Strike+1","Havoc+1"],"picked":"Singing Bowl","floor":147},{"not_picked":["Pommel Strike+1","Auto Shields+1"],"picked":"Singing Bowl","floor":147},{"not_picked":["Dropkick+1","Sweeping Beam+1"],"picked":"Singing Bowl","floor":148},{"not_picked":["Panache+1","Wish+1"],"picked":"Singing Bowl","floor":149},{"not_picked":["Demon Form+1","Bludgeon+1"],"picked":"Singing Bowl","floor":150},{"not_picked":["Disarm+1","Panacea+1"],"picked":"Singing Bowl","floor":151},{"not_picked":["Secret Weapon+1","LessonLearned+1"],"picked":"Singing Bowl","floor":152}],"player_experience":239448,"relics_obtained":[{"floor":6.0,"key":"Blood Vial"},{"floor":7.0,"key":"Molten Egg 2"},{"floor":8.0,"key":"Darkstone Periapt"},{"floor":9.0,"key":"Matryoshka"},{"floor":10.0,"key":"Meat on the Bone"},{"floor":13.0,"key":"Pocketwatch"},{"floor":14.0,"key":"Bronze Scales"},{"floor":22.0,"key":"Tiny Chest"},{"floor":23.0,"key":"Damaru"},{"floor":24.0,"key":"Oddly Smooth Stone"},{"floor":26.0,"key":"PreservedInsect"},{"floor":26.0,"key":"Orichalcum"},{"floor":27.0,"key":"War Paint"},{"floor":36.0,"key":"Sundial"},{"floor":36.0,"key":"Toy Ornithopter"},{"floor":37.0,"key":"Frozen Egg 2"},{"floor":40.0,"key":"White Beast Statue"},{"floor":41.0,"key":"Bag of Preparation"},{"floor":43.0,"key":"Pear"},{"floor":44.0,"key":"Ancient Tea Set"},{"floor":46.0,"key":"TeardropLocket"},{"floor":47.0,"key":"MawBank"},{"floor":48.0,"key":"Potion Belt"},{"floor":60.0,"key":"GoldenEye"},{"floor":95,"key":"TungstenRod"},{"floor":139,"key":"Peace Pipe"}],"event_choices":[{"damage_healed":0.0,"max_hp_gain":0.0,"max_hp_loss":0.0,"gold_gain":75.0,"event_name":"World of Goop","player_choice":"Gather Gold","floor":3.0,"gold_loss":0.0,"damage_taken":11.0},{"damage_healed":0.0,"max_hp_gain":0.0,"max_hp_loss":0.0,"gold_gain":0.0,"event_name":"Addict","player_choice":"Obtained Relic","floor":20.0,"gold_loss":85.0,"damage_taken":0.0,"relics_obtained":["Art of War"]},{"damage_healed":0.0,"max_hp_gain":0.0,"max_hp_loss":0.0,"gold_gain":0.0,"event_name":"FaceTrader","player_choice":"Trade","floor":21.0,"gold_loss":0.0,"damage_taken":0.0,"relics_obtained":["FaceOfCleric"]},{"damage_healed":0.0,"max_hp_gain":0.0,"max_hp_loss":0.0,"gold_gain":0.0,"event_name":"Scrap Ooze","player_choice":"Success","floor":63.0,"gold_loss":0.0,"damage_taken":7.0,"relics_obtained":["Boot"]},{"damage_healed":0.0,"max_hp_gain":5.0,"max_hp_loss":0.0,"gold_gain":0.0,"event_name":"Forgotten Altar","player_choice":"Shed Blood","floor":73.0,"gold_loss":0.0,"damage_taken":28.0},{"damage_healed":0,"gold_gain":0,"player_choice":"Fight","damage_taken":0,"max_hp_gain":0,"max_hp_loss":0,"event_name":"MindBloom","floor":95,"gold_loss":0},{"damage_healed":0,"gold_gain":0,"player_choice":"Obtained Relic","damage_taken":0,"relics_obtained":["CeramicFish"],"max_hp_gain":0,"max_hp_loss":0,"event_name":"Addict","floor":121,"gold_loss":85},{"damage_healed":0,"gold_gain":0,"player_choice":"Fight","damage_taken":0,"max_hp_gain":0,"max_hp_loss":0,"event_name":"Mysterious Sphere","floor":139,"gold_loss":0}],"is_beta":true,"boss_relics":[{"not_picked":["VioletLotus","Cursed Key"],"picked":"Fusion Hammer"},{"not_picked":["Runic Pyramid","Calling Bell"],"picked":"Empty Cage"},{"not_picked":["Sozu","Runic Dome"],"picked":"HolyWater"},{"not_picked":["SacredBark","Philosopher\u0027s Stone"],"picked":"Busted Crown"},{"not_picked":["Velvet Choker","Calling Bell"],"picked":"Black Star"},{"not_picked":["Coffee Dripper","Snecko Eye"],"picked":"SlaversCollar"},{"not_picked":["Runic Dome","Snecko Eye"],"picked":"Pandora\u0027s Box"},{"not_picked":["Sozu","Cursed Key"],"picked":"Runic Pyramid"},{"not_picked":["Astrolabe","Velvet Choker"],"picked":"Coffee Dripper"}],"items_purged_floors":[4,11,19,30,38,39,45,53,62,64,76,82],"is_endless":true,"potions_floor_spawned":[1,2,7,8,13,16,23,25,33,40,41,44,46,48,50,52,54,55,56,57,58,59,65,67,69,70,71,72,75,77,79,81,84,86,89,90,93,94,95,96,99,101,103,104,107,110,111,113,116,118,120,122,124,127,128,130,132,133,135,137,139,140,145,147,149,150,152],"ascension_level":0}