{"gold_per_floor":[368,54,74,91,166,166,166,185,261,261,261,261,261,275,275,398,398,421,446,446,461,477,491,491,505,532,378,378,59,59,59,59,190,190,205,81,101,0,63,63,63],"floor_reached":41,"playtime":1650,"items_purged":["Decay","Strike_P"],"score":539,"play_id":"e47cba23-ba6c-42cd-8972-3a60682b5b09","local_time":"20200112000214","is_ascension_mode":true,"campfire_choices":[{"floor":6.0,"key":"REST"},{"data":"Vigilance","floor":12.0,"key":"SMITH"},{"floor":15.0,"key":"REST"},{"floor":24.0,"key":"REST"},{"floor":28.0,"key":"REST"},{"floor":30.0,"key":"REST"},{"floor":32.0,"key":"REST"},{"floor":40.0,"key":"REST"}],"neow_cost":"CURSE","seed_source_timestamp":19316690975638,"circlet_count":0,"master_deck":["Strike_P","Strike_P+1","Strike_P","Defend_P","Defend_P","Defend_P+1","Eruption+1","Vigilance+1","WreathOfFlame+1","EmptyMind+1","WaveOfTheHand+1","EmptyBody+1","ConjureBlade+1","LikeWater+1","ClearTheMind+1","WreathOfFlame+1","Wireheading+1","ClearTheMind+1","Perseverance+1","Injury","Evaluate+1","Nirvana+1","Vault+1","InnerPeace+1","LikeWater+1","ThirdEye+1"],"special_seed":0,"relics":["PureWater","Toxic Egg 2","Frozen Egg 2","Golden Idol","Ornamental Fan","Cursed Key","Lantern","Mummified Hand","Sozu","Red Mask","Mango"],"potions_floor_usage":[],"damage_taken":[{"damage":5.0,"enemies":"2 Louse","floor":1.0,"turns":3.0},{"damage":0.0,"enemies":"Small Slimes","floor":3.0,"turns":2.0},{"damage":5.0,"enemies":"Jaw Worm","floor":4.0,"turns":4.0},{"damage":2.0,"enemies":"Looter","floor":8.0,"turns":5.0},{"damage":3.0,"enemies":"Gremlin Gang","floor":14.0,"turns":7.0},{"damage":30.0,"enemies":"The Guardian","floor":16.0,"turns":16.0},{"damage":2.0,"enemies":"Chosen","floor":18.0,"turns":4.0},{"damage":17.0,"enemies":"2 Thieves","floor":19.0,"turns":4.0},{"damage":8.0,"enemies":"Centurion and Healer","floor":21.0,"turns":8.0},{"damage":3.0,"enemies":"Cultist and Chosen","floor":22.0,"turns":5.0},{"damage":20.0,"enemies":"3 Cultists","floor":23.0,"turns":7.0},{"damage":19.0,"enemies":"Shelled Parasite and Fungi","floor":25.0,"turns":4.0},{"damage":26.0,"enemies":"Automaton","floor":33.0,"turns":5.0},{"damage":3.0,"enemies":"Orb Walker","floor":35.0,"turns":5.0},{"damage":25.0,"enemies":"3 Darklings","floor":37.0,"turns":8.0},{"damage":0.0,"enemies":"Mind Bloom Boss Battle","floor":39.0,"turns":8.0},{"damage":39,"enemies":"Reptomancer","floor":41,"turns":4}],"seed_played":"8356406980061023517","potions_obtained":[{"floor":4.0,"key":"StancePotion"},{"floor":8.0,"key":"SkillPotion"},{"floor":14.0,"key":"AttackPotion"},{"floor":19.0,"key":"Weak Potion"},{"floor":22.0,"key":"BlessingOfTheForge"},{"floor":23.0,"key":"Fire Potion"},{"floor":33.0,"key":"SneckoOil"}],"is_trial":false,"path_per_floor":["M","$","M","M","?","R","?","M","T","?","?","R","T","M","R","B",null,"M","M","?","M","M","M","R","M","T","$","R","$","R","?","R","B",null,"M","$","M","?","?","R","E"],"character_chosen":"WATCHER","items_purchased":["Toxic Egg 2","Evaluate+1","Mummified Hand","Nirvana+1","LikeWater+1","ThirdEye+1"],"campfire_rested":7,"item_purchase_floors":[2,27,29,29,36,36],"current_hp_per_floor":[60,60,60,55,44,65,51,49,49,42,42,42,42,39,59,29,58,56,39,39,31,28,8,28,9,9,9,29,29,49,49,67,41,61,58,58,33,33,47,71,32],"gold":63,"neow_bonus":"TWO_FIFTY_GOLD","is_prod":false,"is_daily":false,"chose_seed":false,"campfire_upgraded":1,"win_rate":0,"timestamp":1578769334,"path_taken":["M","$","M","M","?","R","?","M","T","?","?","R","?","?","R","BOSS","M","M","?","M","?","M","R","M","T","$","R","$","R","?","R","BOSS","M","$","?","?","?","R","E"],"build_version":"2019-10-30","purchased_purges":2,"victory":false,"max_hp_per_floor":[72,72,72,72,72,72,72,72,72,72,67,67,67,67,67,67,67,67,67,67,67,67,67,67,67,67,67,67,67,67,67,67,67,67,67,67,67,67,81,81,81],"card_choices":[{"not_picked":["TalkToTheHand","BowlingBash","ClearTheMind"],"picked":"SKIP","floor":1.0},{"not_picked":["Indignation+1","ReachHeaven"],"picked":"WreathOfFlame+1","floor":3.0},{"not_picked":["Study","Meditate+1"],"picked":"EmptyMind+1","floor":4.0},{"not_picked":["FollowUp","SashWhip"],"picked":"WaveOfTheHand+1","floor":8.0},{"not_picked":["BowlingBash","Consecrate"],"picked":"EmptyBody+1","floor":14.0},{"not_picked":["Blasphemy+1","Vault+1"],"picked":"ConjureBlade+1","floor":16.0},{"not_picked":["JustLucky","FlyingSleeves"],"picked":"LikeWater+1","floor":18.0},{"not_picked":["Evaluate+1","Halt+1"],"picked":"ClearTheMind+1","floor":19.0},{"not_picked":["ThirdEye+1","Crescendo+1"],"picked":"Wireheading+1","floor":21.0},{"not_picked":["SignatureMove+1","BowlingBash","PathToVictory+1"],"picked":"SKIP","floor":22.0},{"not_picked":["CrushJoints","DevaForm+1"],"picked":"ClearTheMind+1","floor":23.0},{"not_picked":["Vengeance+1","Wallop"],"picked":"Perseverance+1","floor":25.0},{"not_picked":["Devotion+1","SpiritShield+1"],"picked":"Vault+1","floor":33.0},{"not_picked":["MentalFortress+1","FlurryOfBlows+1"],"picked":"InnerPeace+1","floor":35.0},{"not_picked":["FlyingSleeves+1","EmptyFist","InnerPeace+1"],"picked":"SKIP","floor":37.0}],"player_experience":230141,"relics_obtained":[{"floor":9.0,"key":"Frozen Egg 2"},{"floor":13.0,"key":"Ornamental Fan"},{"floor":26.0,"key":"Lantern"},{"floor":39.0,"key":"Mango"}],"event_choices":[{"damage_healed":0.0,"max_hp_gain":0.0,"max_hp_loss":0.0,"gold_gain":75.0,"event_name":"World of Goop","player_choice":"Gather Gold","floor":5.0,"gold_loss":0.0,"damage_taken":11.0},{"damage_healed":0.0,"max_hp_gain":0.0,"max_hp_loss":0.0,"gold_gain":0.0,"event_name":"Shining Light","player_choice":"Entered Light","floor":7.0,"gold_loss":0.0,"damage_taken":14.0,"cards_upgraded":["Strike_P","Eruption"]},{"cards_removed":["Defend_P"],"damage_healed":0.0,"max_hp_gain":0.0,"max_hp_loss":0.0,"gold_gain":0.0,"event_name":"Golden Wing","player_choice":"Card Removal","floor":10.0,"gold_loss":0.0,"damage_taken":7.0},{"damage_healed":0.0,"max_hp_gain":0.0,"max_hp_loss":5.0,"gold_gain":0.0,"event_name":"Golden Idol","player_choice":"Lose Max HP","floor":11.0,"gold_loss":0.0,"damage_taken":0.0,"relics_obtained":["Golden Idol"]},{"damage_healed":0.0,"max_hp_gain":0.0,"max_hp_loss":0.0,"gold_gain":0.0,"event_name":"Duplicator","player_choice":"Copied","floor":20.0,"gold_loss":0.0,"damage_taken":0.0,"cards_obtained":["WreathOfFlame"]},{"damage_healed":0.0,"max_hp_gain":0.0,"max_hp_loss":0.0,"gold_gain":0.0,"event_name":"Accursed Blacksmith","player_choice":"Forge","floor":31.0,"gold_loss":0.0,"damage_taken":0.0,"cards_upgraded":["Defend_P"]},{"damage_healed":0.0,"max_hp_gain":0.0,"max_hp_loss":0.0,"gold_gain":0.0,"event_name":"Tomb of Lord Red Mask","player_choice":"Paid","floor":38.0,"gold_loss":101.0,"damage_taken":0.0,"relics_obtained":["Red Mask"]},{"damage_healed":0.0,"max_hp_gain":0.0,"max_hp_loss":0.0,"gold_gain":0.0,"event_name":"MindBloom","player_choice":"Fight","floor":39.0,"gold_loss":0.0,"damage_taken":0.0}],"is_beta":true,"boss_relics":[{"not_picked":["Ectoplasm","Snecko Eye"],"picked":"Cursed Key"},{"not_picked":["SacredBark","Empty Cage"],"picked":"Sozu"}],"items_purged_floors":[2,27],"is_endless":false,"potions_floor_spawned":[4,8,14,19,22,23,33,39],"killed_by":"Reptomancer","ascension_level":7}