{"gold_per_floor":[111,121,45,45,45,80,80,92,117,136,97,129,129,160,160,257,257,274,274,286,286,297,297,327,327,327,354,354,371,22,35,35,131,131,148,148,58,71,71,104,104,122,122,122,153,153,4,21,21,21],"floor_reached":51,"playtime":1927,"items_purged":[],"score":1129,"play_id":"db29acec-922d-4993-92cf-19c3b56adc5d","local_time":"20200109233119","is_ascension_mode":true,"campfire_choices":[{"data":"Eruption","floor":7.0,"key":"SMITH"},{"data":"WreathOfFlame","floor":13.0,"key":"SMITH"},{"data":"Crescendo","floor":15.0,"key":"SMITH"},{"floor":23.0,"key":"REST"},{"data":"ConjureBlade","floor":25.0,"key":"SMITH"},{"data":"Deep Breath","floor":32.0,"key":"SMITH"},{"floor":44.0,"key":"REST"},{"floor":49.0,"key":"REST"}],"neow_cost":"NONE","seed_source_timestamp":81629116824900,"circlet_count":0,"master_deck":["Strike_P","Strike_P+1","Strike_P","Defend_P","Defend_P","Defend_P","Eruption+1","Vigilance","EmptyBody","Tantrum+1","Halt","ClearTheMind","EmptyBody+1","WreathOfFlame+1","InnerPeace","Crescendo+1","ConjureBlade+1","Deep Breath+1","Sanctity","Halt+1","WreathOfFlame+1"],"special_seed":0,"relics":["PureWater","NeowsBlessing","Whetstone","Nunchaku","Meat on the Bone","Incense Burner","Busted Crown","Enchiridion","Regal Pillow","Gremlin Horn","Orichalcum","Turnip","Fusion Hammer","Question Card","Bottled Lightning","Pen Nib","Medical Kit"],"potions_floor_usage":[50,50,50],"damage_taken":[{"damage":0.0,"enemies":"2 Louse","floor":1.0,"turns":1.0},{"damage":0.0,"enemies":"Small Slimes","floor":2.0,"turns":2.0},{"damage":0.0,"enemies":"Gremlin Nob","floor":6.0,"turns":1.0},{"damage":0.0,"enemies":"Jaw Worm","floor":8.0,"turns":2.0},{"damage":1.0,"enemies":"3 Louse","floor":10.0,"turns":3.0},{"damage":5.0,"enemies":"3 Sentries","floor":12.0,"turns":6.0},{"damage":3.0,"enemies":"Gremlin Nob","floor":14.0,"turns":3.0},{"damage":25.0,"enemies":"The Guardian","floor":16.0,"turns":6.0},{"damage":12.0,"enemies":"Chosen","floor":18.0,"turns":3.0},{"damage":5.0,"enemies":"2 Thieves","floor":20.0,"turns":4.0},{"damage":29.0,"enemies":"Shelled Parasite and Fungi","floor":22.0,"turns":4.0},{"damage":0.0,"enemies":"Gremlin Leader","floor":24.0,"turns":3.0},{"damage":32.0,"enemies":"Slavers","floor":27.0,"turns":8.0},{"damage":0.0,"enemies":"Chosen and Byrds","floor":29.0,"turns":3.0},{"damage":6.0,"enemies":"Snake Plant","floor":31.0,"turns":3.0},{"damage":0.0,"enemies":"Automaton","floor":33.0,"turns":6.0},{"damage":11.0,"enemies":"Orb Walker","floor":35.0,"turns":2.0},{"damage":8.0,"enemies":"3 Shapes","floor":38.0,"turns":2.0},{"damage":45.0,"enemies":"Giant Head","floor":40.0,"turns":7.0},{"damage":0.0,"enemies":"Sphere and 2 Shapes","floor":42.0,"turns":6.0},{"damage":20.0,"enemies":"Nemesis","floor":45.0,"turns":7.0},{"damage":4.0,"enemies":"3 Darklings","floor":48.0,"turns":3.0},{"damage":34,"enemies":"Donu and Deca","floor":50,"turns":7}],"seed_played":"6163168750227802733","potions_obtained":[{"floor":8.0,"key":"SkillPotion"},{"floor":10.0,"key":"Regen Potion"},{"floor":14.0,"key":"AttackPotion"},{"floor":24.0,"key":"BlessingOfTheForge"},{"floor":27.0,"key":"FearPotion"},{"floor":31.0,"key":"AttackPotion"},{"floor":38.0,"key":"Energy Potion"},{"floor":40.0,"key":"SkillPotion"},{"floor":45.0,"key":"Energy Potion"}],"is_trial":false,"path_per_floor":["M","M","$","?","?","E","R","M","T","M","$","E","R","E","R","B",null,"M","?","M","?","M","R","E","R","T","E","?","M","$","M","R","B",null,"M","?","?","M","?","E","?","M","T","R","E","?","$","M","R","B",null],"character_chosen":"WATCHER","items_purchased":["Halt","ClearTheMind","WreathOfFlame","Turnip","AttackPotion","Medical Kit"],"campfire_rested":3,"item_purchase_floors":[3,3,11,30,30,47],"current_hp_per_floor":[65,65,65,65,58,58,58,58,58,57,57,52,52,49,49,36,63,51,51,46,30,25,46,46,46,46,26,50,50,50,44,44,44,65,54,54,54,46,46,13,13,25,25,61,41,41,41,37,72,38],"gold":21,"neow_bonus":"THREE_ENEMY_KILL","is_prod":false,"is_daily":false,"chose_seed":false,"campfire_upgraded":5,"win_rate":0,"timestamp":1578594679,"path_taken":["M","M","$","?","?","E","R","M","T","M","?","E","R","E","R","BOSS","M","?","?","?","M","R","E","R","T","E","?","M","?","M","R","BOSS","M","?","?","?","?","E","?","M","T","R","E","?","$","?","R","BOSS"],"build_version":"2019-10-30","purchased_purges":0,"victory":true,"max_hp_per_floor":[72,72,72,72,72,72,72,72,72,72,72,72,72,72,72,72,72,72,72,72,72,72,72,72,72,72,72,72,72,72,72,72,72,72,72,72,72,72,72,72,72,72,72,72,72,72,72,72,72,72],"card_choices":[{"not_picked":["EmptyFist","ThirdEye"],"picked":"EmptyBody","floor":1.0},{"not_picked":["Fasting2","ForeignInfluence"],"picked":"Tantrum","floor":2.0},{"not_picked":["FlyingSleeves","ThirdEye"],"picked":"EmptyBody","floor":6.0},{"not_picked":["LikeWater","PathToVictory","CrushJoints"],"picked":"SKIP","floor":8.0},{"not_picked":["Perseverance","Evaluate","Prostrate"],"picked":"SKIP","floor":10.0},{"not_picked":["FlurryOfBlows","FlyingSleeves"],"picked":"InnerPeace","floor":12.0},{"not_picked":["Wireheading","InnerPeace"],"picked":"Crescendo","floor":14.0},{"not_picked":["SpiritShield","Judgement"],"picked":"ConjureBlade","floor":16.0},{"not_picked":["Conclude"],"picked":"SKIP","floor":18.0},{"not_picked":["Pray"],"picked":"SKIP","floor":20.0},{"not_picked":[],"picked":"Sanctity","floor":22.0},{"not_picked":["FlurryOfBlows"],"picked":"SKIP","floor":24.0},{"not_picked":["JustLucky"],"picked":"SKIP","floor":27.0},{"not_picked":["CutThroughFate"],"picked":"SKIP","floor":29.0},{"not_picked":["CrushJoints"],"picked":"SKIP","floor":31.0},{"not_picked":["WheelKick"],"picked":"SKIP","floor":35.0},{"not_picked":["Wallop+1"],"picked":"SKIP","floor":38.0},{"not_picked":["BattleHymn+1"],"picked":"SKIP","floor":40.0},{"not_picked":["Sanctity","FlurryOfBlows"],"picked":"SKIP","floor":42.0},{"not_picked":["Consecrate+1"],"picked":"Halt+1","floor":45.0},{"not_picked":["FollowUp+1","Tantrum"],"picked":"SKIP","floor":48.0}],"player_experience":217394,"relics_obtained":[{"floor":6.0,"key":"Whetstone"},{"floor":9.0,"key":"Nunchaku"},{"floor":12.0,"key":"Meat on the Bone"},{"floor":14.0,"key":"Incense Burner"},{"floor":21.0,"key":"Enchiridion"},{"floor":24.0,"key":"Regal Pillow"},{"floor":26.0,"key":"Gremlin Horn"},{"floor":27.0,"key":"Orichalcum"},{"floor":40.0,"key":"Question Card"},{"floor":43.0,"key":"Bottled Lightning"},{"floor":45.0,"key":"Pen Nib"}],"event_choices":[{"damage_healed":0.0,"max_hp_gain":0.0,"max_hp_loss":0.0,"gold_gain":0.0,"event_name":"The Cleric","player_choice":"Leave","floor":4.0,"gold_loss":0.0,"damage_taken":0.0},{"cards_removed":["Defend_P"],"damage_healed":0.0,"max_hp_gain":0.0,"max_hp_loss":0.0,"gold_gain":0.0,"event_name":"Golden Wing","player_choice":"Card Removal","floor":5.0,"gold_loss":0.0,"damage_taken":7.0},{"damage_healed":0.0,"max_hp_gain":0.0,"max_hp_loss":0.0,"gold_gain":0.0,"event_name":"Match and Keep!","player_choice":"1 cards matched","floor":19.0,"gold_loss":0.0,"damage_taken":0.0,"cards_obtained":["Deep Breath"]},{"damage_healed":0.0,"max_hp_gain":0.0,"max_hp_loss":0.0,"gold_gain":0.0,"event_name":"Cursed Tome","player_choice":"Obtained Book","floor":21.0,"gold_loss":0.0,"damage_taken":16.0},{"damage_healed":24.0,"max_hp_gain":0.0,"max_hp_loss":0.0,"gold_gain":0.0,"event_name":"The Library","player_choice":"Heal","floor":28.0,"gold_loss":0.0,"damage_taken":0.0},{"damage_healed":0.0,"max_hp_gain":0.0,"max_hp_loss":0.0,"gold_gain":0.0,"event_name":"Tomb of Lord Red Mask","player_choice":"Ignored","floor":36.0,"gold_loss":0.0,"damage_taken":0.0},{"cards_removed":["Strike_P"],"damage_healed":0.0,"max_hp_gain":0.0,"max_hp_loss":0.0,"gold_gain":0.0,"event_name":"Designer","player_choice":"Upgrade and Remove","floor":37.0,"gold_loss":90.0,"damage_taken":0.0,"cards_upgraded":["EmptyBody"]},{"damage_healed":0.0,"max_hp_gain":0.0,"max_hp_loss":0.0,"gold_gain":0.0,"event_name":"SensoryStone","player_choice":"Memory 1","floor":39.0,"gold_loss":0.0,"damage_taken":0.0},{"damage_healed":0.0,"max_hp_gain":0.0,"max_hp_loss":0.0,"gold_gain":0.0,"event_name":"Mysterious Sphere","player_choice":"Ignored","floor":41.0,"gold_loss":0.0,"damage_taken":0.0},{"damage_healed":0.0,"max_hp_gain":0.0,"max_hp_loss":0.0,"gold_gain":0.0,"event_name":"Duplicator","player_choice":"Copied","floor":46.0,"gold_loss":0.0,"damage_taken":0.0,"cards_obtained":["WreathOfFlame"]}],"is_beta":true,"boss_relics":[{"not_picked":["Runic Dome","Snecko Eye"],"picked":"Busted Crown"},{"not_picked":["Philosopher\u0027s Stone","Cursed Key"],"picked":"Fusion Hammer"}],"items_purged_floors":[],"is_endless":false,"potions_floor_spawned":[8,10,14,24,27,31,38,40,45],"ascension_level":6}