{"gold_per_floor":[118,142,217,217,217,261,261,261],"floor_reached":8,"playtime":257,"items_purged":[],"score":70,"play_id":"f25cc3ce-026a-42a0-aaed-117bf610d3be","local_time":"20200108122247","is_ascension_mode":true,"campfire_choices":[{"floor":7,"key":"REST"}],"neow_cost":"NONE","seed_source_timestamp":1786695404630532,"circlet_count":0,"master_deck":["Strike_P","Strike_P","Strike_P","Strike_P","Defend_P","Defend_P","Defend_P","Eruption","Vigilance","Swivel","WaveOfTheHand"],"special_seed":0,"relics":["PureWater","CeramicFish","Golden Idol","Sundial"],"potions_floor_usage":[6,8],"damage_taken":[{"damage":0.0,"enemies":"Cultist","floor":1.0,"turns":2.0},{"damage":2.0,"enemies":"2 Louse","floor":2.0,"turns":3.0},{"damage":20,"enemies":"3 Sentries","floor":6,"turns":9},{"damage":45,"enemies":"Gremlin Nob","floor":8,"turns":4}],"seed_played":"9100389301264276843","potions_obtained":[{"floor":1.0,"key":"SkillPotion"},{"floor":2.0,"key":"EssenceOfSteel"}],"is_trial":false,"path_per_floor":["M","M","?","?","?","E","R","E"],"character_chosen":"WATCHER","items_purchased":[],"campfire_rested":1,"item_purchase_floors":[],"current_hp_per_floor":[65,63,52,45,45,25,45,0],"gold":261,"neow_bonus":"RANDOM_COMMON_RELIC","is_prod":false,"is_daily":false,"chose_seed":false,"campfire_upgraded":0,"win_rate":0,"timestamp":1578468167,"path_taken":["M","?","?","?","?","E","R","E"],"build_version":"2019-10-30","purchased_purges":0,"victory":false,"max_hp_per_floor":[72,72,72,72,67,67,67,67],"card_choices":[{"not_picked":["FollowUp","Nirvana"],"picked":"Swivel","floor":1.0},{"not_picked":["JustLucky","ThirdEye"],"picked":"WaveOfTheHand","floor":2.0},{"not_picked":["EmptyBody","CutThroughFate","Crescendo"],"picked":"SKIP","floor":6}],"player_experience":210426,"relics_obtained":[{"floor":6,"key":"Sundial"}],"event_choices":[{"damage_healed":0.0,"max_hp_gain":0.0,"max_hp_loss":0.0,"gold_gain":75.0,"event_name":"World of Goop","player_choice":"Gather Gold","floor":3.0,"gold_loss":0.0,"damage_taken":11.0},{"cards_removed":["Defend_P"],"damage_healed":0.0,"max_hp_gain":0.0,"max_hp_loss":0.0,"gold_gain":0.0,"event_name":"Golden Wing","player_choice":"Card Removal","floor":4.0,"gold_loss":0.0,"damage_taken":7.0},{"damage_healed":0.0,"max_hp_gain":0.0,"max_hp_loss":5.0,"gold_gain":0.0,"event_name":"Golden Idol","player_choice":"Lose Max HP","floor":5.0,"gold_loss":0.0,"damage_taken":0.0,"relics_obtained":["Golden Idol"]}],"is_beta":true,"boss_relics":[],"items_purged_floors":[],"is_endless":false,"potions_floor_spawned":[1,2],"killed_by":"Gremlin Nob","ascension_level":6}