{"gold_per_floor":[11,11,24,24,36,36,36,26,74,74,74,98,118,118],"floor_reached":14,"playtime":460,"items_purged":[],"score":107,"play_id":"6178f982-0e6c-4073-b046-bb6924e9ec01","local_time":"20200104000157","is_ascension_mode":true,"campfire_choices":[{"data":"ThirdEye","floor":6,"key":"SMITH"},{"data":"LikeWater","floor":10,"key":"SMITH"}],"neow_cost":"NO_GOLD","seed_source_timestamp":1396521183578901,"circlet_count":0,"master_deck":["Strike_P","Strike_P","Strike_P","Strike_P","Defend_P","Defend_P","Defend_P","Vigilance","ThirdEye+1","Vault","LikeWater+1","FearNoEvil"],"relics":["PureWater","WingedGreaves","Golden Idol","Regal Pillow"],"potions_floor_usage":[8],"damage_taken":[{"damage":2,"enemies":"Small Slimes","floor":1,"turns":4},{"damage":9,"enemies":"Cultist","floor":3,"turns":6},{"damage":0,"enemies":"Jaw Worm","floor":5,"turns":9},{"damage":0,"enemies":"Exordium Thugs","floor":8,"turns":7},{"damage":15,"enemies":"Exordium Wildlife","floor":12,"turns":6},{"damage":4,"enemies":"Large Slime","floor":13,"turns":8},{"damage":3,"enemies":"2 Fungi Beasts","floor":14,"turns":5}],"seed_played":"8921088373429000367","potions_obtained":[{"floor":5,"key":"SkillPotion"},{"floor":12,"key":"Energy Potion"}],"is_trial":false,"path_per_floor":["M","?","M","$","M","R","?","M","T","R","?","M","M","M"],"character_chosen":"WATCHER","items_purchased":[],"campfire_rested":0,"item_purchase_floors":[],"current_hp_per_floor":[63,63,54,54,54,54,54,54,54,54,47,32,28,25],"gold":118,"neow_bonus":"ONE_RARE_RELIC","is_prod":false,"is_daily":false,"chose_seed":false,"campfire_upgraded":2,"win_rate":0,"timestamp":1578078117,"path_taken":["M","?","?","?","M","R","?","M","T","R","?","M","M","?"],"build_version":"2019-10-30","purchased_purges":0,"victory":false,"max_hp_per_floor":[72,72,72,72,72,72,67,67,67,67,67,67,67,67],"card_choices":[{"not_picked":["JustLucky","Weave"],"picked":"ThirdEye","floor":1},{"not_picked":["CarveReality","WreathOfFlame"],"picked":"LikeWater","floor":3},{"not_picked":["Evaluate","CrushJoints","Perseverance"],"picked":"SKIP","floor":5},{"not_picked":["CrushJoints","Evaluate","FlurryOfBlows"],"picked":"SKIP","floor":8},{"not_picked":["Protect","BowlingBash"],"picked":"FearNoEvil","floor":12},{"not_picked":["Ragnarok","SashWhip","ClearTheMind"],"picked":"SKIP","floor":13}],"player_experience":201667,"relics_obtained":[{"floor":9,"key":"Regal Pillow"}],"event_choices":[{"damage_healed":0,"gold_gain":0,"cards_transformed":["Eruption"],"player_choice":"Transformed","damage_taken":0,"max_hp_gain":0,"max_hp_loss":0,"event_name":"Transmorgrifier","floor":2,"gold_loss":0,"cards_obtained":["Vault"]},{"damage_healed":0,"gold_gain":0,"player_choice":"Lose Max HP","damage_taken":0,"relics_obtained":["Golden Idol"],"max_hp_gain":0,"max_hp_loss":5,"event_name":"Golden Idol","floor":7,"gold_loss":0},{"cards_removed":["Defend_P"],"damage_healed":0,"gold_gain":0,"player_choice":"Card Removal","damage_taken":7,"max_hp_gain":0,"max_hp_loss":0,"event_name":"Golden Wing","floor":11,"gold_loss":0}],"is_beta":true,"boss_relics":[],"items_purged_floors":[],"is_endless":false,"potions_floor_spawned":[5,12],"killed_by":"2 Fungi Beasts","ascension_level":6}