{"gold_per_floor":[109,125,300,300,312,312,14,41,86,86],"floor_reached":10,"playtime":240,"items_purged":[],"score":89,"play_id":"c1ccd78a-0ffe-491f-8d7a-a8b8ff9f79b4","local_time":"20200112125403","is_ascension_mode":true,"campfire_choices":[{"data":"Pray","floor":6,"key":"SMITH"}],"neow_cost":"NONE","seed_source_timestamp":67210998718499,"circlet_count":0,"master_deck":["Strike_P","Strike_P","Strike_P","Strike_P","Defend_P","Defend_P","Defend_P","Defend_P","Eruption","Vigilance","Pray+1","Doubt","BowlingBash","FlyingSleeves","Normality"],"relics":["Cursed Key","Medical Kit","PreservedInsect","Lantern","Orichalcum"],"potions_floor_usage":[],"damage_taken":[{"damage":7,"enemies":"Jaw Worm","floor":1,"turns":4},{"damage":0,"enemies":"2 Louse","floor":2,"turns":2},{"damage":2,"enemies":"Cultist","floor":5,"turns":4},{"damage":51,"enemies":"Lagavulin","floor":8,"turns":9},{"damage":8,"enemies":"Exordium Thugs","floor":10,"turns":1}],"seed_played":"-6031862696371185790","potions_obtained":[{"floor":5,"key":"SpeedPotion"},{"floor":8,"key":"Energy Potion"}],"is_trial":false,"path_per_floor":["M","M","?","?","M","R","$","E","T","M"],"character_chosen":"WATCHER","items_purchased":["Medical Kit","PreservedInsect"],"campfire_rested":0,"item_purchase_floors":[7,7],"current_hp_per_floor":[58,58,58,58,56,56,56,5,5,0],"gold":86,"neow_bonus":"BOSS_RELIC","is_prod":false,"is_daily":false,"chose_seed":false,"campfire_upgraded":1,"win_rate":0,"timestamp":1578815643,"path_taken":["M","M","?","?","M","R","$","E","T","M"],"build_version":"2019-10-30","purchased_purges":0,"victory":false,"max_hp_per_floor":[72,72,72,72,72,72,72,72,72,72],"card_choices":[{"not_picked":["Consecrate","Crescendo"],"picked":"Pray","floor":1},{"not_picked":["ClearTheMind","SashWhip","EmptyMind"],"picked":"SKIP","floor":2},{"not_picked":["Tantrum","TalkToTheHand"],"picked":"BowlingBash","floor":5},{"not_picked":["Worship","Halt"],"picked":"FlyingSleeves","floor":8}],"player_experience":231791,"relics_obtained":[{"floor":8,"key":"Lantern"},{"floor":9,"key":"Orichalcum"}],"event_choices":[{"damage_healed":0,"gold_gain":175,"player_choice":"AGREE","damage_taken":0,"max_hp_gain":0,"max_hp_loss":0,"event_name":"Liars Game","floor":3,"gold_loss":0,"cards_obtained":["Doubt"]},{"damage_healed":0,"gold_gain":0,"player_choice":"Bought 0 Potions","damage_taken":0,"max_hp_gain":0,"max_hp_loss":0,"event_name":"The Woman in Blue","floor":4,"gold_loss":0}],"is_beta":true,"boss_relics":[],"items_purged_floors":[],"is_endless":false,"potions_floor_spawned":[5,8],"killed_by":"Exordium Thugs","ascension_level":7}