{"gold_per_floor":[109,83,83,96,96,129,147,147,173,207,221,221,150,150,150,150],"floor_reached":16,"playtime":509,"items_purged":[],"score":173,"play_id":"3d993ca9-b149-47cc-8dee-eae50d491dbb","local_time":"20200106091051","is_ascension_mode":true,"campfire_choices":[{"data":"Eruption","floor":8.0,"key":"SMITH"},{"data":"Vengeance","floor":15,"key":"SMITH"}],"neow_cost":"NONE","seed_source_timestamp":1602196871188772,"circlet_count":0,"master_deck":["Strike_P","Strike_P","Strike_P","Strike_P","Defend_P","Defend_P","Defend_P","Eruption+1","Vigilance","FearNoEvil","FollowUp","ThirdEye","WaveOfTheHand","EmptyBody","Sanctity","Vengeance+1","SandsOfTime"],"special_seed":0,"relics":["PureWater","NeowsBlessing","Golden Idol","Art of War","Happy Flower","Blue Candle","Juzu Bracelet"],"potions_floor_usage":[16,16],"damage_taken":[{"damage":0.0,"enemies":"Jaw Worm","floor":1.0,"turns":1.0},{"damage":0.0,"enemies":"Small Slimes","floor":4.0,"turns":1.0},{"damage":0.0,"enemies":"Gremlin Nob","floor":6.0,"turns":1.0},{"damage":0.0,"enemies":"Cultist","floor":7.0,"turns":2.0},{"damage":32.0,"enemies":"Lagavulin","floor":10.0,"turns":10.0},{"damage":0.0,"enemies":"Large Slime","floor":11.0,"turns":5.0},{"damage":34,"enemies":"Slime Boss","floor":16,"turns":9}],"seed_played":"3483048878447381456","potions_obtained":[{"floor":4.0,"key":"FairyPotion"},{"floor":10.0,"key":"FearPotion"},{"floor":12,"key":"Dexterity Potion"},{"floor":12,"key":"PowerPotion"},{"floor":12,"key":"Swift Potion"}],"is_trial":false,"path_per_floor":["M","$","?","M","?","E","M","R","T","E","M","?","$","T","R","B"],"character_chosen":"WATCHER","items_purchased":["FollowUp","SandsOfTime"],"campfire_rested":0,"item_purchase_floors":[2,13],"current_hp_per_floor":[65,65,65,65,65,65,65,65,65,33,33,33,33,33,33,0],"gold":150,"neow_bonus":"THREE_ENEMY_KILL","is_prod":false,"is_daily":false,"chose_seed":false,"campfire_upgraded":2,"win_rate":0,"timestamp":1578283851,"path_taken":["M","$","?","M","?","E","M","R","T","E","?","?","$","?","R","BOSS"],"build_version":"2019-10-30","purchased_purges":0,"victory":false,"max_hp_per_floor":[72,72,67,67,67,67,67,67,67,67,67,67,67,67,67,67],"card_choices":[{"not_picked":["Protect","Nirvana"],"picked":"FearNoEvil","floor":1.0},{"not_picked":["SashWhip","JustLucky"],"picked":"ThirdEye","floor":4.0},{"not_picked":["ClearTheMind","Protect"],"picked":"WaveOfTheHand","floor":6.0},{"not_picked":["Prostrate","CrushJoints"],"picked":"EmptyBody","floor":7.0},{"not_picked":["Perseverance","ThirdEye"],"picked":"Sanctity","floor":10.0},{"not_picked":["BowlingBash","SashWhip"],"picked":"Vengeance","floor":11.0}],"player_experience":206284,"relics_obtained":[{"floor":6.0,"key":"Art of War"},{"floor":9.0,"key":"Happy Flower"},{"floor":10.0,"key":"Blue Candle"},{"floor":14,"key":"Juzu Bracelet"}],"event_choices":[{"damage_healed":0.0,"max_hp_gain":0.0,"max_hp_loss":5.0,"gold_gain":0.0,"event_name":"Golden Idol","player_choice":"Lose Max HP","floor":3.0,"gold_loss":0.0,"damage_taken":0.0,"relics_obtained":["Golden Idol"]},{"cards_removed":["Defend_P"],"damage_healed":0.0,"max_hp_gain":0.0,"max_hp_loss":0.0,"gold_gain":0.0,"event_name":"Purifier","player_choice":"Purged","floor":5.0,"gold_loss":0.0,"damage_taken":0.0},{"damage_healed":0,"gold_gain":0,"player_choice":"Got Potions","damage_taken":0,"max_hp_gain":0,"max_hp_loss":0,"event_name":"Lab","floor":12,"gold_loss":0}],"is_beta":true,"boss_relics":[],"items_purged_floors":[],"is_endless":false,"potions_floor_spawned":[4,10],"killed_by":"Slime Boss","ascension_level":6}