{"gold_per_floor":[114,128,147,147,167,167,181,181,181,181,213,213,226,71,71,176,176,188,188,214,139,151,151,232,251,251,350,365,420,19,19],"floor_reached":31,"playtime":891,"items_purged":["Strike_P"],"score":317,"play_id":"13602281-bdba-4fa4-9702-e0ee9fd89bc6","local_time":"20200111155137","is_ascension_mode":true,"campfire_choices":[{"data":"PathToVictory","floor":6.0,"key":"SMITH"},{"data":"ClearTheMind","floor":8.0,"key":"SMITH"},{"floor":12.0,"key":"REST"},{"data":"EmptyBody","floor":15.0,"key":"SMITH"},{"data":"Judgement","floor":23.0,"key":"SMITH"}],"neow_cost":"NONE","seed_source_timestamp":228059510361825,"circlet_count":0,"master_deck":["Strike_P","Defend_P","Defend_P","Defend_P","Defend_P","Eruption","Vigilance","EmptyBody+1","PathToVictory+1","ClearTheMind+1","InnerPeace","EmptyFist","Judgement+1","Protect+1","Evaluate+1","TalkToTheHand"],"special_seed":0,"relics":["PureWater","Ancient Tea Set","Lantern","Tiny Chest","Runic Pyramid","Damaru","Question Card","Toxic Egg 2","Red Mask","Ice Cream"],"potions_floor_usage":[],"damage_taken":[{"damage":0.0,"enemies":"Small Slimes","floor":1.0,"turns":3.0},{"damage":0.0,"enemies":"Cultist","floor":2.0,"turns":2.0},{"damage":2.0,"enemies":"Jaw Worm","floor":3.0,"turns":3.0},{"damage":16.0,"enemies":"Gremlin Gang","floor":5.0,"turns":9.0},{"damage":0.0,"enemies":"Large Slime","floor":7.0,"turns":4.0},{"damage":25.0,"enemies":"Lagavulin","floor":11.0,"turns":5.0},{"damage":14.0,"enemies":"Exordium Thugs","floor":13.0,"turns":6.0},{"damage":29.0,"enemies":"The Guardian","floor":16.0,"turns":11.0},{"damage":4.0,"enemies":"Shell Parasite","floor":18.0,"turns":4.0},{"damage":0.0,"enemies":"Spheric Guardian","floor":22.0,"turns":2.0},{"damage":26.0,"enemies":"3 Cultists","floor":25.0,"turns":5.0},{"damage":11.0,"enemies":"Snecko","floor":28.0,"turns":5.0},{"damage":7.0,"enemies":"Masked Bandits","floor":29.0,"turns":4.0},{"damage":0,"enemies":"Centurion and Healer","floor":31,"turns":1}],"seed_played":"-1858764577614313927","potions_obtained":[{"floor":1.0,"key":"BlessingOfTheForge"},{"floor":5.0,"key":"AttackPotion"},{"floor":7.0,"key":"StancePotion"},{"floor":16.0,"key":"Fruit Juice"},{"floor":25.0,"key":"Ambrosia"},{"floor":28.0,"key":"ColorlessPotion"}],"is_trial":false,"path_per_floor":["M","M","M","?","M","R","M","R","T","?","E","R","M","$","R","B",null,"M","?","T","?","M","R","T","M","T","?","M","?","$","M"],"character_chosen":"WATCHER","items_purchased":["Tiny Chest","Ice Cream","TalkToTheHand"],"campfire_rested":1,"item_purchase_floors":[14,30,30],"current_hp_per_floor":[72,72,70,70,54,54,54,54,54,54,29,52,38,38,38,14,67,63,63,63,63,63,63,63,37,37,37,26,19,19,19],"gold":19,"neow_bonus":"TEN_PERCENT_HP_BONUS","is_prod":false,"is_daily":false,"chose_seed":false,"campfire_upgraded":4,"win_rate":0,"timestamp":1578739897,"path_taken":["M","M","M","?","?","R","?","R","T","?","E","R","?","$","R","BOSS","M","?","?","?","M","R","?","M","T","?","M","?","$","M"],"build_version":"2019-10-30","purchased_purges":1,"victory":false,"max_hp_per_floor":[79,79,79,79,79,79,79,79,79,79,79,79,79,79,79,84,84,84,84,84,84,84,84,84,84,84,84,84,84,84,84],"card_choices":[{"not_picked":["CrushJoints","ReachHeaven"],"picked":"EmptyBody","floor":1.0},{"not_picked":["BattleHymn","SandsOfTime"],"picked":"PathToVictory","floor":2.0},{"not_picked":["ThirdEye","SignatureMove"],"picked":"ClearTheMind","floor":3.0},{"not_picked":["Halt","ClearTheMind","FollowUp"],"picked":"SKIP","floor":5.0},{"not_picked":["LikeWater","SashWhip"],"picked":"InnerPeace","floor":7.0},{"not_picked":["JustLucky","ClearTheMind","CarveReality"],"picked":"SKIP","floor":11.0},{"not_picked":["BowlingBash","Prostrate","LikeWater"],"picked":"SKIP","floor":13.0},{"not_picked":["Alpha","Omniscience"],"picked":"Judgement","floor":16.0},{"not_picked":["JustLucky","Crescendo","BowlingBash"],"picked":"SKIP","floor":18.0},{"not_picked":["Halt","Tantrum","FollowUp"],"picked":"SKIP","floor":22.0},{"not_picked":["FlyingSleeves","SashWhip","Prostrate","Halt"],"picked":"SKIP","floor":25.0},{"not_picked":["Tantrum","LikeWater","FlurryOfBlows"],"picked":"Protect+1","floor":28.0},{"not_picked":["Swivel+1","JustLucky","Omniscience+1"],"picked":"Evaluate+1","floor":29.0}],"player_experience":227827,"relics_obtained":[{"floor":9.0,"key":"Ancient Tea Set"},{"floor":11.0,"key":"Lantern"},{"floor":20.0,"key":"Damaru"},{"floor":24.0,"key":"Question Card"},{"floor":26.0,"key":"Toxic Egg 2"},{"floor":29.0,"key":"Red Mask"}],"event_choices":[{"damage_healed":0.0,"max_hp_gain":0.0,"max_hp_loss":0.0,"gold_gain":0.0,"event_name":"The Woman in Blue","player_choice":"Bought 0 Potions","floor":4.0,"gold_loss":0.0,"damage_taken":0.0},{"damage_healed":0.0,"max_hp_gain":0.0,"max_hp_loss":0.0,"gold_gain":0.0,"cards_transformed":["Strike_P"],"event_name":"Transmorgrifier","player_choice":"Transformed","floor":10.0,"gold_loss":0.0,"damage_taken":0.0,"cards_obtained":["EmptyFist"]},{"damage_healed":0.0,"max_hp_gain":0.0,"max_hp_loss":0.0,"gold_gain":0.0,"event_name":"Ghosts","player_choice":"Ignored","floor":19.0,"gold_loss":0.0,"damage_taken":0.0},{"cards_removed":["Strike_P"],"damage_healed":0.0,"max_hp_gain":0.0,"max_hp_loss":0.0,"gold_gain":0.0,"event_name":"Beggar","player_choice":"Gave Gold","floor":21.0,"gold_loss":75.0,"damage_taken":0.0},{"damage_healed":0.0,"max_hp_gain":0.0,"max_hp_loss":0.0,"gold_gain":99.0,"event_name":"Nest","player_choice":"Stole From Cult","floor":27.0,"gold_loss":0.0,"damage_taken":0.0},{"damage_healed":0.0,"max_hp_gain":0.0,"max_hp_loss":0.0,"gold_gain":0.0,"event_name":"Masked Bandits","player_choice":"Fought Bandits","floor":29.0,"gold_loss":0.0,"damage_taken":0.0}],"is_beta":true,"boss_relics":[{"not_picked":["Snecko Eye","Ectoplasm"],"picked":"Runic Pyramid"}],"items_purged_floors":[30],"is_endless":false,"potions_floor_spawned":[1,5,7,16,25,28],"killed_by":"Centurion and Healer","ascension_level":7}