{"gold_per_floor":[118,135,155,155,172,172,190,115,115,115,115,78,109,61,61,164,164,176,189,203,213,225,260,280,280],"floor_reached":25,"playtime":1303,"items_purged":["Defend_P"],"score":320,"play_id":"9b37002b-d481-441e-ad12-d35c8242e237","local_time":"20200103140126","is_ascension_mode":true,"campfire_choices":[{"data":"Eruption","floor":6.0,"key":"SMITH"},{"floor":10.0,"key":"REST"},{"data":"EmptyFist","floor":15,"key":"SMITH"}],"neow_cost":"NONE","seed_source_timestamp":1359515246266999,"circlet_count":0,"master_deck":["Strike_P","Strike_P","Strike_P","Strike_P","Defend_P","Defend_P+1","Eruption+1","Vigilance","EmptyBody+1","Halt","EmptyMind","FearNoEvil","EmptyFist+1","Scrawl","Crescendo+1","FlurryOfBlows"],"special_seed":0,"relics":["PureWater","Mercury Hourglass","War Paint","Pear"],"potions_floor_usage":[19,23,25,25,25],"damage_taken":[{"damage":0.0,"enemies":"Small Slimes","floor":1.0,"turns":3.0},{"damage":0.0,"enemies":"Cultist","floor":2.0,"turns":2.0},{"damage":2.0,"enemies":"Jaw Worm","floor":3.0,"turns":4.0},{"damage":22.0,"enemies":"Exordium Thugs","floor":5.0,"turns":4.0},{"damage":13.0,"enemies":"Lots of Slimes","floor":7.0,"turns":5.0},{"damage":4,"enemies":"3 Sentries","floor":13,"turns":8},{"damage":22,"enemies":"The Guardian","floor":16,"turns":9},{"damage":1,"enemies":"2 Thieves","floor":18,"turns":3},{"damage":4,"enemies":"Shell Parasite","floor":19,"turns":5},{"damage":0,"enemies":"Centurion and Healer","floor":20,"turns":4},{"damage":4,"enemies":"Chosen and Byrds","floor":21,"turns":5},{"damage":16,"enemies":"Snake Plant","floor":22,"turns":3},{"damage":36,"enemies":"Book of Stabbing","floor":23,"turns":5},{"damage":13,"enemies":"Snecko","floor":24,"turns":5},{"damage":10,"enemies":"Chosen and Byrds","floor":25,"turns":6}],"seed_played":"-2385609525445002537","potions_obtained":[{"floor":1.0,"key":"SneckoOil"},{"floor":11.0,"key":"DistilledChaos"},{"floor":11.0,"key":"Dexterity Potion"},{"floor":11.0,"key":"Block Potion"},{"floor":13,"key":"Swift Potion"},{"floor":18,"key":"PowerPotion"},{"floor":23,"key":"SpeedPotion"},{"floor":24,"key":"LiquidMemories"}],"is_trial":false,"path_per_floor":["M","M","M","?","M","R","M","$","T","R","?","$","E","$","R","B",null,"M","M","M","M","M","E","M","M"],"character_chosen":"WATCHER","items_purchased":["FearNoEvil","EmptyFist"],"campfire_rested":1,"item_purchase_floors":[12,14],"current_hp_per_floor":[72,72,70,70,48,48,35,35,35,58,58,58,54,54,54,32,67,66,62,62,58,42,16,3,0],"gold":280,"neow_bonus":"TEN_PERCENT_HP_BONUS","is_prod":false,"is_daily":false,"chose_seed":false,"campfire_upgraded":2,"win_rate":0,"timestamp":1578042086,"path_taken":["M","M","M","?","M","R","?","$","T","R","?","$","E","?","R","BOSS","M","M","M","M","M","E","?","M"],"build_version":"2019-10-30","purchased_purges":1,"victory":false,"max_hp_per_floor":[79,79,79,79,79,79,79,79,79,79,79,79,79,79,79,79,79,79,79,79,79,79,89,89,89],"card_choices":[{"not_picked":["Tantrum","BowlingBash"],"picked":"EmptyBody","floor":1.0},{"not_picked":["SignatureMove","PathToVictory","BowlingBash"],"picked":"SKIP","floor":2.0},{"not_picked":["Protect","LessonLearned"],"picked":"Halt","floor":3.0},{"not_picked":["Fasting2","PathToVictory"],"picked":"EmptyMind","floor":5.0},{"not_picked":["CarveReality","Evaluate","ThirdEye"],"picked":"SKIP","floor":7.0},{"not_picked":["PathToVictory","JustLucky","Evaluate"],"picked":"SKIP","floor":13},{"not_picked":["Omniscience","LessonLearned"],"picked":"Scrawl","floor":16},{"not_picked":["ThirdEye","Consecrate","CrushJoints"],"picked":"SKIP","floor":18},{"not_picked":["DeceiveReality+1","BattleHymn"],"picked":"Crescendo+1","floor":19},{"not_picked":["Prostrate","Evaluate","Brilliance"],"picked":"SKIP","floor":20},{"not_picked":["CrushJoints+1","CutThroughFate","ThirdEye"],"picked":"SKIP","floor":21},{"not_picked":["Collect","Evaluate","FollowUp"],"picked":"SKIP","floor":22},{"not_picked":["CarveReality","WreathOfFlame"],"picked":"FlurryOfBlows","floor":23},{"not_picked":["Consecrate","Wish","Evaluate"],"picked":"SKIP","floor":24}],"player_experience":198730,"relics_obtained":[{"floor":9.0,"key":"Mercury Hourglass"},{"floor":13,"key":"War Paint"},{"floor":23,"key":"Pear"}],"event_choices":[{"cards_removed":["Defend_P"],"damage_healed":0.0,"max_hp_gain":0.0,"max_hp_loss":0.0,"gold_gain":0.0,"event_name":"Bonfire Elementals","player_choice":"Offered Basic","floor":4.0,"gold_loss":0.0,"damage_taken":0.0},{"damage_healed":0.0,"max_hp_gain":0.0,"max_hp_loss":0.0,"gold_gain":0.0,"event_name":"Lab","player_choice":"Got Potions","floor":11.0,"gold_loss":0.0,"damage_taken":0.0}],"is_beta":true,"boss_relics":[{"not_picked":["Ectoplasm","Runic Dome","Busted Crown"]}],"items_purged_floors":[8],"is_endless":false,"potions_floor_spawned":[1,13,18,23,24],"killed_by":"Chosen and Byrds","ascension_level":6}