{"gold_per_floor":[113,113,288,306,6,34,34,45,45,70,80,80,90,103,103,206,206],"floor_reached":17,"playtime":509,"items_purged":["Doubt"],"score":250,"play_id":"5c409794-a9dc-4641-9646-ea33240800cf","local_time":"20200109154640","is_ascension_mode":true,"campfire_choices":[{"data":"Sanctity","floor":7.0,"key":"SMITH"},{"floor":15,"key":"REST"}],"neow_cost":"NONE","seed_source_timestamp":55375325955738,"circlet_count":0,"master_deck":["Vigilance","JustLucky","BattleHymn","SignatureMove","Sanctity+1","LikeWater","WaveOfTheHand","TalkToTheHand","JustLucky","Scrawl"],"special_seed":0,"relics":["PureWater","NeowsBlessing","Membership Card","Art of War","Mercury Hourglass","Happy Flower","CultistMask","Pandora\u0027s Box"],"potions_floor_usage":[16],"damage_taken":[{"damage":0.0,"enemies":"Small Slimes","floor":1.0,"turns":1.0},{"damage":0.0,"enemies":"2 Louse","floor":4.0,"turns":1.0},{"damage":0.0,"enemies":"3 Sentries","floor":6.0,"turns":2.0},{"damage":0.0,"enemies":"Cultist","floor":8.0,"turns":2.0},{"damage":29,"enemies":"Gremlin Nob","floor":10,"turns":4},{"damage":2,"enemies":"Red Slaver","floor":11,"turns":2},{"damage":16,"enemies":"Exordium Thugs","floor":13,"turns":5},{"damage":0,"enemies":"2 Fungi Beasts","floor":14,"turns":3},{"damage":7,"enemies":"Hexaghost","floor":16,"turns":12}],"seed_played":"6601284736979736117","potions_obtained":[{"floor":4.0,"key":"SpeedPotion"},{"floor":8.0,"key":"GamblersBrew"},{"floor":10,"key":"SteroidPotion"},{"floor":13,"key":"Dexterity Potion"},{"floor":16,"key":"PowerPotion"}],"is_trial":false,"path_per_floor":["M","?","?","M","$","E","R","M","T","E","M","?","M","M","R","B",null],"character_chosen":"WATCHER","items_purchased":["Membership Card","Art of War","SignatureMove"],"campfire_rested":1,"item_purchase_floors":[5,5,5],"current_hp_per_floor":[65,58,58,58,58,58,58,58,58,29,27,27,11,11,32,25,25],"gold":206,"neow_bonus":"THREE_ENEMY_KILL","is_prod":false,"is_daily":false,"chose_seed":false,"campfire_upgraded":1,"win_rate":0,"timestamp":1578566800,"path_taken":["M","?","?","M","$","E","R","M","T","E","M","?","M","M","R","BOSS"],"build_version":"2019-10-30","purchased_purges":1,"victory":false,"max_hp_per_floor":[72,72,72,72,72,72,72,72,72,72,72,72,72,72,72,72,72],"card_choices":[{"not_picked":["SashWhip","Protect"],"picked":"JustLucky","floor":1.0},{"not_picked":["FollowUp","ClearTheMind"],"picked":"BattleHymn","floor":4.0},{"not_picked":["CarveReality","EmptyFist"],"picked":"Sanctity","floor":6.0},{"not_picked":["WreathOfFlame","ThirdEye"],"picked":"LikeWater","floor":8.0},{"not_picked":["Prostrate","CarveReality","FlyingSleeves"],"picked":"SKIP","floor":10},{"not_picked":["Consecrate","ForeignInfluence"],"picked":"WaveOfTheHand","floor":11},{"not_picked":["FlurryOfBlows","Protect"],"picked":"TalkToTheHand","floor":13},{"not_picked":["Crescendo","Protect"],"picked":"JustLucky","floor":14},{"not_picked":["LessonLearned","Omniscience"],"picked":"Scrawl","floor":16}],"player_experience":214459,"relics_obtained":[{"floor":6.0,"key":"Mercury Hourglass"},{"floor":10,"key":"Happy Flower"}],"event_choices":[{"cards_removed":["Eruption"],"damage_healed":0.0,"max_hp_gain":0.0,"max_hp_loss":0.0,"gold_gain":0.0,"event_name":"Golden Wing","player_choice":"Card Removal","floor":2.0,"gold_loss":0.0,"damage_taken":7.0},{"damage_healed":0.0,"max_hp_gain":0.0,"max_hp_loss":0.0,"gold_gain":175.0,"event_name":"Liars Game","player_choice":"AGREE","floor":3.0,"gold_loss":0.0,"damage_taken":0.0,"cards_obtained":["Doubt"]},{"damage_healed":0,"gold_gain":0,"player_choice":"Trade","damage_taken":0,"relics_obtained":["CultistMask"],"max_hp_gain":0,"max_hp_loss":0,"event_name":"FaceTrader","floor":12,"gold_loss":0}],"is_beta":true,"boss_relics":[{"not_picked":["Sozu","SlaversCollar"],"picked":"Pandora\u0027s Box"}],"items_purged_floors":[5],"is_endless":false,"potions_floor_spawned":[4,8,10,13,16],"ascension_level":6}