{"gold_per_floor":[114,127,145,145,161,161,161,173,173,173,185,185,206,221,221,340,340,372,409,421,433,445,457,505,535,571,233,258,258,277,320,320,443,443,459,473,12,36,36,36,36,36,36,0,14,30,55,69,69,69],"floor_reached":50,"playtime":2004,"items_purged":["Establishment"],"score":645,"play_id":"19bcbe8e-e814-4139-af73-c14938f159a5","local_time":"20200125113734","is_ascension_mode":true,"campfire_choices":[{"data":"Eruption","floor":6.0,"key":"SMITH"},{"data":"EmptyFist","floor":10.0,"key":"SMITH"},{"data":"Crescendo","floor":15.0,"key":"SMITH"},{"data":"FlyingSleeves","floor":23.0,"key":"SMITH"},{"data":"ClearTheMind","floor":29.0,"key":"SMITH"},{"floor":32.0,"key":"REST"},{"data":"FlurryOfBlows","floor":40.0,"key":"SMITH"},{"data":"Judgement","floor":42.0,"key":"SMITH"},{"floor":49,"key":"REST"}],"neow_cost":"NONE","seed_source_timestamp":1184093508352380,"circlet_count":0,"master_deck":["Strike_P+1","Strike_P+1","Strike_P+1","Strike_P+1","Defend_P+1","Defend_P+1","Defend_P+1","Eruption+1","Vigilance","EmptyBody","FlurryOfBlows+1","Tantrum+1","Meditate","EmptyFist+1","EmptyBody","Crescendo+1","FlyingSleeves+1","ClearTheMind+1","CurseOfTheBell","CutThroughFate+1","EmptyMind+1","Halt","Judgement+1","EmptyMind+1","FlurryOfBlows+1","Wireheading","WaveOfTheHand","Parasite"],"special_seed":0,"relics":["PureWater","Eternal Feather","Golden Idol","Calling Bell","MawBank","TeardropLocket","Pocketwatch","Nunchaku","Smiling Mask","Ancient Tea Set","ClockworkSouvenir","Whetstone","Gambling Chip","VioletLotus","Turnip","Lee\u0027s Waffle","InkBottle"],"potions_floor_usage":[50,50,50],"damage_taken":[{"damage":0.0,"enemies":"Small Slimes","floor":1.0,"turns":2.0},{"damage":0.0,"enemies":"Cultist","floor":2.0,"turns":2.0},{"damage":0.0,"enemies":"2 Louse","floor":3.0,"turns":1.0},{"damage":4.0,"enemies":"Exordium Wildlife","floor":5.0,"turns":3.0},{"damage":3.0,"enemies":"Looter","floor":8.0,"turns":2.0},{"damage":0.0,"enemies":"Blue Slaver","floor":11.0,"turns":3.0},{"damage":10.0,"enemies":"Lots of Slimes","floor":13.0,"turns":3.0},{"damage":12.0,"enemies":"3 Louse","floor":14.0,"turns":2.0},{"damage":6.0,"enemies":"Slime Boss","floor":16.0,"turns":6.0},{"damage":0.0,"enemies":"Shell Parasite","floor":18.0,"turns":2.0},{"damage":16.0,"enemies":"2 Thieves","floor":19.0,"turns":4.0},{"damage":7.0,"enemies":"Book of Stabbing","floor":24.0,"turns":3.0},{"damage":4.0,"enemies":"Centurion and Healer","floor":25.0,"turns":4.0},{"damage":11.0,"enemies":"Snecko","floor":30.0,"turns":3.0},{"damage":18.0,"enemies":"Gremlin Leader","floor":31.0,"turns":4.0},{"damage":61.0,"enemies":"Collector","floor":33.0,"turns":8.0},{"damage":6.0,"enemies":"Orb Walker","floor":35.0,"turns":4.0},{"damage":3.0,"enemies":"3 Darklings","floor":36.0,"turns":3.0},{"damage":12.0,"enemies":"4 Shapes","floor":38.0,"turns":6.0},{"damage":0.0,"enemies":"Transient","floor":45.0,"turns":5.0},{"damage":0,"enemies":"Spire Growth","floor":46,"turns":3},{"damage":16,"enemies":"Sphere and 2 Shapes","floor":47,"turns":3},{"damage":24,"enemies":"Writhing Mass","floor":48,"turns":5},{"damage":81,"enemies":"Donu and Deca","floor":50,"turns":5}],"seed_played":"842740944711150758","potions_obtained":[{"floor":1.0,"key":"DistilledChaos"},{"floor":2.0,"key":"SkillPotion"},{"floor":5.0,"key":"Dexterity Potion"},{"floor":8.0,"key":"Energy Potion"},{"floor":14.0,"key":"Block Potion"},{"floor":24.0,"key":"PowerPotion"},{"floor":30.0,"key":"AttackPotion"},{"floor":31.0,"key":"SpeedPotion"},{"floor":35.0,"key":"Ancient Potion"},{"floor":36.0,"key":"DuplicationPotion"}],"is_trial":false,"path_per_floor":["M","M","M","?","M","R","?","M","T","R","M","?","M","M","R","B",null,"M","M","?","?","?","R","E","M","T","$","T","R","M","E","R","B",null,"M","M","$","M","?","R","?","R","T","$","M","M","M","M","R","B"],"character_chosen":"WATCHER","items_purchased":["Ancient Tea Set","ClockworkSouvenir","Turnip","Lee\u0027s Waffle","Wireheading"],"campfire_rested":2,"item_purchase_floors":[27,27,37,37,44],"current_hp_per_floor":[72,72,72,72,68,68,68,65,65,74,74,55,45,33,42,36,68,68,52,52,52,52,64,57,53,53,53,53,65,54,36,71,10,62,56,53,86,74,74,82,82,82,82,82,82,82,66,42,81,0],"gold":69,"neow_bonus":"TEN_PERCENT_HP_BONUS","is_prod":false,"is_daily":false,"chose_seed":false,"campfire_upgraded":7,"win_rate":0,"timestamp":1579934254,"path_taken":["M","M","M","?","M","R","?","?","T","R","M","?","M","M","R","BOSS","M","M","?","?","?","R","E","M","T","?","?","R","M","E","R","BOSS","M","M","$","?","?","R","?","R","T","$","M","?","M","M","R","BOSS"],"build_version":"2019-10-30","purchased_purges":1,"victory":false,"max_hp_per_floor":[79,79,79,79,79,79,79,79,79,79,79,79,79,79,79,79,79,79,79,79,79,79,79,79,79,79,79,79,79,79,79,79,79,79,79,79,86,86,82,82,82,82,82,82,82,82,82,82,82,82],"card_choices":[{"not_picked":["Evaluate","CarveReality"],"picked":"EmptyBody","floor":1.0},{"not_picked":["Halt","Pray"],"picked":"FlurryOfBlows","floor":2.0},{"not_picked":["ClearTheMind","FollowUp"],"picked":"Tantrum","floor":3.0},{"not_picked":["Halt","Prostrate"],"picked":"EmptyFist","floor":5.0},{"not_picked":["CrushJoints","MasterReality"],"picked":"EmptyBody","floor":8.0},{"not_picked":["FollowUp","SashWhip"],"picked":"Crescendo","floor":11.0},{"not_picked":["Wireheading","SashWhip"],"picked":"FlyingSleeves","floor":13.0},{"not_picked":["ThirdEye","Ragnarok"],"picked":"ClearTheMind","floor":14.0},{"not_picked":["Brilliance","DevaForm"],"picked":"Establishment","floor":16.0},{"not_picked":["WindmillStrike","Evaluate"],"picked":"CutThroughFate","floor":18.0},{"not_picked":["FlyingSleeves+1","ThirdEye"],"picked":"EmptyMind+1","floor":19.0},{"not_picked":["Wish","ThirdEye+1"],"picked":"LikeWater","floor":24.0},{"not_picked":["Meditate","CarveReality+1","BowlingBash"],"picked":"SKIP","floor":25.0},{"not_picked":["CrushJoints","Pray+1","Evaluate"],"picked":"SKIP","floor":30.0},{"not_picked":["ThirdEye","Collect"],"picked":"Halt","floor":31.0},{"not_picked":["DevaForm","Alpha"],"picked":"Judgement","floor":33.0},{"not_picked":["Study","EmptyFist+1"],"picked":"EmptyMind+1","floor":35.0},{"not_picked":["CutThroughFate","Protect+1"],"picked":"FlurryOfBlows","floor":36.0},{"not_picked":["SashWhip+1","ClearTheMind","PathToVictory+1"],"picked":"SKIP","floor":38.0},{"not_picked":["BattleHymn+1","Perseverance+1","Fasting2+1"],"picked":"SKIP","floor":45},{"not_picked":["Prostrate","FlurryOfBlows"],"picked":"WaveOfTheHand","floor":46},{"not_picked":["ClearTheMind","ThirdEye+1","Prostrate"],"picked":"SKIP","floor":47},{"not_picked":["Worship+1","SashWhip","FlyingSleeves"],"picked":"SKIP","floor":48}],"player_experience":249454,"relics_obtained":[{"floor":9.0,"key":"Eternal Feather"},{"floor":17.0,"key":"MawBank"},{"floor":17.0,"key":"TeardropLocket"},{"floor":17.0,"key":"Pocketwatch"},{"floor":24.0,"key":"Nunchaku"},{"floor":26.0,"key":"Smiling Mask"},{"floor":28.0,"key":"Whetstone"},{"floor":31.0,"key":"Gambling Chip"},{"floor":43.0,"key":"InkBottle"}],"event_choices":[{"damage_healed":0.0,"max_hp_gain":0.0,"max_hp_loss":0.0,"gold_gain":0.0,"cards_transformed":["Defend_P"],"event_name":"Living Wall","player_choice":"Change","floor":4.0,"gold_loss":0.0,"damage_taken":0.0,"cards_obtained":["Meditate"]},{"damage_healed":0.0,"max_hp_gain":0.0,"max_hp_loss":0.0,"gold_gain":0.0,"event_name":"Accursed Blacksmith","player_choice":"Forge","floor":7.0,"gold_loss":0.0,"damage_taken":0.0,"cards_upgraded":["Tantrum"]},{"damage_healed":0.0,"max_hp_gain":0.0,"max_hp_loss":0.0,"gold_gain":0.0,"event_name":"Golden Idol","player_choice":"Take Damage","floor":12.0,"gold_loss":0.0,"damage_taken":19.0,"relics_obtained":["Golden Idol"]},{"damage_healed":0.0,"max_hp_gain":0.0,"max_hp_loss":0.0,"gold_gain":0.0,"event_name":"Back to Basics","player_choice":"Simplicity","floor":20.0,"gold_loss":0.0,"damage_taken":0.0,"cards_upgraded":["Strike_P","Strike_P","Strike_P","Strike_P","Defend_P","Defend_P","Defend_P"]},{"damage_healed":0.0,"max_hp_gain":0.0,"max_hp_loss":0.0,"gold_gain":0.0,"event_name":"Cursed Tome","player_choice":"Ignored","floor":21.0,"gold_loss":0.0,"damage_taken":0.0},{"damage_healed":0.0,"max_hp_gain":0.0,"max_hp_loss":0.0,"gold_gain":0.0,"event_name":"Vampires","player_choice":"Ignored","floor":22.0,"gold_loss":0.0,"damage_taken":0.0},{"damage_healed":0.0,"max_hp_gain":0.0,"max_hp_loss":4.0,"gold_gain":0.0,"event_name":"Winding Halls","player_choice":"Max HP","floor":39.0,"gold_loss":0.0,"damage_taken":0.0},{"cards_removed":["LikeWater"],"damage_healed":0.0,"max_hp_gain":0.0,"max_hp_loss":0.0,"gold_gain":0.0,"event_name":"Purifier","player_choice":"Purged","floor":41.0,"gold_loss":0.0,"damage_taken":0.0}],"is_beta":true,"boss_relics":[{"not_picked":["Ectoplasm","Empty Cage"],"picked":"Calling Bell"},{"not_picked":["Coffee Dripper","Fusion Hammer"],"picked":"VioletLotus"}],"items_purged_floors":[27],"is_endless":false,"potions_floor_spawned":[1,2,5,8,14,24,30,31,35,36,45],"killed_by":"Donu and Deca","ascension_level":7}