{"gold_per_floor":[119,119,136,10,10,10,10,34,58,58,20,54,54,74,74,197,197,211,211,103,122,140],"floor_reached":22,"playtime":633,"items_purged":[],"score":248,"play_id":"f2d7ddc2-c5d3-4b06-a4d3-452ed70ae550","local_time":"20200131222930","is_ascension_mode":true,"campfire_choices":[{"data":"Eruption","floor":6,"key":"SMITH"},{"data":"Adaptation","floor":10,"key":"SMITH"},{"floor":13,"key":"REST"},{"data":"PathToVictory","floor":15,"key":"SMITH"}],"neow_cost":"NONE","seed_source_timestamp":49309675083600,"circlet_count":0,"master_deck":["Strike_P","Strike_P","Strike_P","Strike_P","Defend_P","Defend_P","Defend_P","Defend_P","Eruption+1","Vigilance","Weave","Adaptation+1","FlurryOfBlows","JustLucky","Weave","CutThroughFate","PathToVictory+1","Vault","Evaluate","FearNoEvil","ThirdEye"],"relics":["Runic Pyramid","Golden Idol","Damaru","Blood Vial","Busted Crown","CultistMask"],"potions_floor_usage":[16,18,22],"damage_taken":[{"damage":2,"enemies":"Jaw Worm","floor":1,"turns":3},{"damage":0,"enemies":"Cultist","floor":3,"turns":3},{"damage":8,"enemies":"Small Slimes","floor":8,"turns":3},{"damage":10,"enemies":"Lagavulin","floor":12,"turns":5},{"damage":0,"enemies":"Exordium Thugs","floor":14,"turns":3},{"damage":24,"enemies":"Hexaghost","floor":16,"turns":5},{"damage":0,"enemies":"Shell Parasite","floor":18,"turns":2},{"damage":15,"enemies":"Spheric Guardian","floor":21,"turns":4},{"damage":45,"enemies":"Chosen and Byrds","floor":22,"turns":6}],"seed_played":"-777072469572752081","potions_obtained":[{"floor":1,"key":"Swift Potion"},{"floor":3,"key":"SpeedPotion"},{"floor":16,"key":"Explosive Potion"},{"floor":21,"key":"BottledMiracle"}],"is_trial":false,"path_per_floor":["M","?","M","$","?","R","?","M","T","R","$","E","R","M","R","B",null,"M","?","$","M","M"],"character_chosen":"WATCHER","items_purchased":["Adaptation","FlurryOfBlows","Weave","FearNoEvil","ThirdEye"],"campfire_rested":1,"item_purchase_floors":[4,4,11,20,20],"current_hp_per_floor":[63,63,63,63,68,68,49,41,41,41,41,31,54,56,56,34,66,68,68,68,55,12],"gold":140,"neow_bonus":"BOSS_RELIC","is_prod":false,"is_daily":false,"chose_seed":false,"campfire_upgraded":3,"win_rate":0,"timestamp":1580491770,"path_taken":["M","?","?","$","?","R","?","M","T","R","$","E","R","M","R","BOSS","M","?","?","M","M"],"build_version":"2019-10-30","purchased_purges":0,"victory":false,"max_hp_per_floor":[72,72,72,72,77,77,77,77,77,77,77,77,77,77,77,77,77,77,77,77,77,77],"card_choices":[{"not_picked":["Protect","Crescendo","Wallop"],"picked":"SKIP","floor":1},{"not_picked":["Fasting2","Crescendo","Indignation"],"picked":"SKIP","floor":3},{"not_picked":["Halt","CrushJoints"],"picked":"JustLucky","floor":8},{"not_picked":["DeceiveReality","JustLucky"],"picked":"CutThroughFate","floor":12},{"not_picked":["BattleHymn","CarveReality"],"picked":"PathToVictory","floor":14},{"not_picked":["Wish","MasterReality"],"picked":"Vault","floor":16},{"not_picked":[],"picked":"Evaluate","floor":18},{"not_picked":["FlyingSleeves+1"],"picked":"SKIP","floor":21}],"player_experience":252088,"relics_obtained":[{"floor":9,"key":"Damaru"},{"floor":12,"key":"Blood Vial"}],"event_choices":[{"damage_healed":0,"gold_gain":0,"player_choice":"1 cards matched","damage_taken":0,"max_hp_gain":0,"max_hp_loss":0,"event_name":"Match and Keep!","floor":2,"gold_loss":0,"cards_obtained":["Weave"]},{"damage_healed":0,"gold_gain":0,"player_choice":"Donut","damage_taken":0,"max_hp_gain":5,"max_hp_loss":0,"event_name":"Big Fish","floor":5,"gold_loss":0},{"damage_healed":0,"gold_gain":0,"player_choice":"Take Damage","damage_taken":19,"relics_obtained":["Golden Idol"],"max_hp_gain":0,"max_hp_loss":0,"event_name":"Golden Idol","floor":7,"gold_loss":0},{"damage_healed":0,"gold_gain":0,"player_choice":"Trade","damage_taken":0,"relics_obtained":["CultistMask"],"max_hp_gain":0,"max_hp_loss":0,"event_name":"FaceTrader","floor":19,"gold_loss":0}],"is_beta":true,"boss_relics":[{"not_picked":["Velvet Choker","SacredBark"],"picked":"Busted Crown"}],"items_purged_floors":[],"is_endless":false,"potions_floor_spawned":[1,3,16,21],"killed_by":"Chosen and Byrds","ascension_level":7}