{"gold_per_floor":[115,2,19,19,34,66,21,121,121,154,154,173,193,193,193,193],"floor_reached":16,"playtime":630,"items_purged":[],"score":149,"play_id":"d7e1440b-9acb-49f2-866f-412061dd0b78","local_time":"20200129123924","is_ascension_mode":true,"campfire_choices":[{"floor":11,"key":"REST"},{"floor":15,"key":"REST"}],"neow_cost":"NONE","seed_source_timestamp":68066158808937,"circlet_count":0,"master_deck":["Strike_P","Strike_P","Strike_P","Strike_P","Defend_P","Defend_P","Defend_P","Defend_P","Eruption","Vigilance","FearNoEvil","Halt","Wallop","ThirdEye","FlurryOfBlows","Vengeance","EmptyFist","FlurryOfBlows","Sanctity","Parasite"],"relics":["PureWater","NeowsBlessing","Centennial Puzzle","Blue Candle","PreservedInsect"],"potions_floor_usage":[10,10,13,16],"damage_taken":[{"damage":0,"enemies":"Cultist","floor":1,"turns":1},{"damage":0,"enemies":"2 Louse","floor":3,"turns":1},{"damage":0,"enemies":"Small Slimes","floor":5,"turns":1},{"damage":36,"enemies":"Gremlin Nob","floor":6,"turns":5},{"damage":20,"enemies":"Lagavulin","floor":10,"turns":6},{"damage":1,"enemies":"3 Louse","floor":12,"turns":4},{"damage":14,"enemies":"Exordium Thugs","floor":13,"turns":4},{"damage":50,"enemies":"The Guardian","floor":16,"turns":14}],"seed_played":"-4228779979849170204","potions_obtained":[{"floor":3,"key":"AttackPotion"},{"floor":6,"key":"Energy Potion"},{"floor":10,"key":"Energy Potion"},{"floor":13,"key":"SpeedPotion"}],"is_trial":false,"path_per_floor":["M","$","M","?","M","E","$","?","T","E","R","M","M","?","R","B"],"character_chosen":"WATCHER","items_purchased":["Halt","Wallop","EmptyFist"],"campfire_rested":2,"item_purchase_floors":[2,2,7],"current_hp_per_floor":[65,65,65,58,58,22,22,22,22,2,23,22,8,26,47,0],"gold":193,"neow_bonus":"THREE_ENEMY_KILL","is_prod":false,"is_daily":false,"chose_seed":false,"campfire_upgraded":0,"win_rate":0,"timestamp":1580283564,"path_taken":["M","$","M","?","?","E","$","?","T","E","R","?","M","?","R","BOSS"],"build_version":"2019-10-30","purchased_purges":0,"victory":false,"max_hp_per_floor":[72,72,72,72,72,72,72,72,72,72,72,72,72,72,72,72],"card_choices":[{"not_picked":["FlurryOfBlows","SashWhip"],"picked":"FearNoEvil","floor":1},{"not_picked":["Omniscience","CrushJoints"],"picked":"ThirdEye","floor":3},{"not_picked":["Crescendo","JustLucky"],"picked":"FlurryOfBlows","floor":5},{"not_picked":["EmptyBody","EmptyFist"],"picked":"Vengeance","floor":6},{"not_picked":["Devotion","Evaluate"],"picked":"FlurryOfBlows","floor":10},{"not_picked":["FlyingSleeves","Prostrate","JustLucky"],"picked":"SKIP","floor":12},{"not_picked":["Protect","JustLucky"],"picked":"Sanctity","floor":13}],"player_experience":251458,"relics_obtained":[{"floor":6,"key":"Centennial Puzzle"},{"floor":9,"key":"Blue Candle"},{"floor":10,"key":"PreservedInsect"}],"event_choices":[{"damage_healed":0,"gold_gain":0,"player_choice":"Damaged","damage_taken":7,"max_hp_gain":0,"max_hp_loss":0,"event_name":"Wheel of Change","floor":4,"gold_loss":0},{"damage_healed":0,"gold_gain":100,"player_choice":"Pray","damage_taken":0,"max_hp_gain":0,"max_hp_loss":0,"event_name":"Golden Shrine","floor":8,"gold_loss":0},{"damage_healed":18,"gold_gain":0,"player_choice":"Healed and dodged fight","damage_taken":0,"max_hp_gain":0,"max_hp_loss":0,"event_name":"Mushrooms","floor":14,"gold_loss":0,"cards_obtained":["Parasite"]}],"is_beta":true,"boss_relics":[],"items_purged_floors":[],"is_endless":false,"potions_floor_spawned":[3,6,10,13],"killed_by":"The Guardian","ascension_level":7}