{"gold_per_floor":[115,115,40,40,40,84,84,84,135,151,171,171,189,202,202,330,330,353,100,100,118,128,128,138,138],"floor_reached":25,"playtime":915,"items_purged":["Normality","Strike_P"],"score":274,"play_id":"80f0e29f-cd59-4267-b70d-1865143b3b77","local_time":"20200205145637","is_ascension_mode":true,"campfire_choices":[{"data":"ReachHeaven","floor":7.0,"key":"SMITH"},{"data":"PathToVictory","floor":12,"key":"SMITH"},{"data":"SignatureMove","floor":15,"key":"SMITH"},{"data":"ThirdEye","floor":23,"key":"SMITH"}],"neow_cost":"CURSE","seed_source_timestamp":0,"circlet_count":0,"master_deck":["Strike_P","Strike_P","Strike_P","Defend_P","Defend_P","Defend_P+1","Defend_P","Protect+1","ReachHeaven+1","SignatureMove+1","ThirdEye+1","PathToVictory+1","PathToVictory"],"special_seed":0,"relics":["PureWater","Bloody Idol","Boot","Oddly Smooth Stone","Sozu","War Paint"],"potions_floor_usage":[21,25],"damage_taken":[{"damage":2.0,"enemies":"2 Louse","floor":1.0,"turns":3.0},{"damage":23.0,"enemies":"Lagavulin","floor":6.0,"turns":7.0},{"damage":0,"enemies":"Small Slimes","floor":10,"turns":3},{"damage":0,"enemies":"Jaw Worm","floor":11,"turns":3},{"damage":4,"enemies":"Large Slime","floor":13,"turns":5},{"damage":0,"enemies":"2 Fungi Beasts","floor":14,"turns":3},{"damage":18,"enemies":"The Guardian","floor":16,"turns":12},{"damage":9,"enemies":"2 Thieves","floor":18,"turns":4},{"damage":3,"enemies":"Spheric Guardian","floor":21,"turns":3},{"damage":11,"enemies":"Snake Plant","floor":22,"turns":3},{"damage":2,"enemies":"Sentry and Sphere","floor":24,"turns":4},{"damage":55,"enemies":"Gremlin Leader","floor":25,"turns":5}],"seed_played":"7651185319098417897","potions_obtained":[{"floor":6.0,"key":"Strength Potion"},{"floor":11,"key":"ColorlessPotion"},{"floor":14,"key":"Fire Potion"}],"is_trial":false,"path_per_floor":["M","?","$","?","?","E","R","?","T","M","M","R","M","M","R","B",null,"M","$","?","M","M","R","M","E"],"character_chosen":"WATCHER","items_purchased":["War Paint"],"campfire_rested":0,"item_purchase_floors":[19],"current_hp_per_floor":[63,63,63,56,56,33,33,33,33,33,33,33,29,29,29,11,53,44,44,44,46,40,40,43,0],"gold":138,"neow_bonus":"TRANSFORM_TWO_CARDS","is_prod":false,"is_daily":false,"chose_seed":false,"campfire_upgraded":4,"win_rate":0,"timestamp":1580896597,"path_taken":["M","?","$","?","?","E","R","?","T","M","M","R","M","M","R","BOSS","M","$","?","M","M","R","M","E"],"build_version":"2020-01-14","purchased_purges":2,"victory":false,"max_hp_per_floor":[72,67,67,67,67,67,67,67,67,67,67,67,67,67,67,67,67,67,67,67,67,67,67,67,67],"card_choices":[{"not_picked":["JustLucky","LikeWater"],"picked":"ReachHeaven","floor":1.0},{"not_picked":["Consecrate","Indignation","FlyingSleeves"],"picked":"SKIP","floor":6.0},{"not_picked":["Nirvana","WreathOfFlame"],"picked":"ThirdEye","floor":10},{"not_picked":["Consecrate","SashWhip"],"picked":"PathToVictory","floor":11},{"not_picked":["Evaluate","Halt","Tantrum"],"picked":"SKIP","floor":13},{"not_picked":["EmptyFist","Prostrate","Pray"],"picked":"SKIP","floor":14},{"not_picked":["Consecrate","JustLucky+1"],"picked":"PathToVictory","floor":18},{"not_picked":["CutThroughFate+1","Collect","CarveReality"],"picked":"SKIP","floor":21},{"not_picked":["Indignation+1","CarveReality","Evaluate"],"picked":"SKIP","floor":22},{"not_picked":["Indignation","TalkToTheHand","ReachHeaven"],"picked":"SKIP","floor":24}],"player_experience":255759,"relics_obtained":[{"floor":6.0,"key":"Oddly Smooth Stone"}],"event_choices":[{"damage_healed":0.0,"max_hp_gain":0.0,"max_hp_loss":5.0,"gold_gain":0.0,"event_name":"Golden Idol","player_choice":"Lose Max HP","floor":2.0,"gold_loss":0.0,"damage_taken":0.0,"relics_obtained":["Golden Idol"]},{"damage_healed":0.0,"max_hp_gain":0.0,"max_hp_loss":0.0,"gold_gain":0.0,"event_name":"Scrap Ooze","player_choice":"Success","floor":4.0,"gold_loss":0.0,"damage_taken":7.0,"relics_obtained":["Boot"]},{"damage_healed":0.0,"max_hp_gain":0.0,"max_hp_loss":0.0,"gold_gain":0.0,"cards_transformed":["Devotion"],"event_name":"Living Wall","player_choice":"Change","floor":5.0,"gold_loss":0.0,"damage_taken":0.0,"cards_obtained":["SignatureMove"]},{"damage_healed":0,"gold_gain":0,"player_choice":"Searched \u00270\u0027 times","damage_taken":0,"max_hp_gain":0,"max_hp_loss":0,"event_name":"Dead Adventurer","floor":8,"gold_loss":0},{"damage_healed":0,"gold_gain":0,"player_choice":"Gave Idol","damage_taken":0,"relics_obtained":["Bloody Idol"],"max_hp_gain":0,"max_hp_loss":0,"event_name":"Forgotten Altar","floor":20,"relics_lost":["Golden Idol"],"gold_loss":0}],"is_beta":false,"boss_relics":[{"not_picked":["Fusion Hammer","Philosopher\u0027s Stone"],"picked":"Sozu"}],"items_purged_floors":[3,19],"is_endless":false,"potions_floor_spawned":[6,11,14,18,21],"killed_by":"Gremlin Leader","ascension_level":7}