{"gold_per_floor":[112,130,142,162,11,43,43,102,102,119,134,146,48,48,48,145,145,155,255,274,287,212,212,311,0,0,0,0,0,17,33,33,33],"floor_reached":33,"playtime":1362,"items_purged":["Defend_P"],"score":384,"play_id":"2789bcd0-efbf-4365-a605-f30e70632969","local_time":"20200215155155","is_ascension_mode":true,"campfire_choices":[{"data":"SignatureMove","floor":7.0,"key":"SMITH"},{"floor":15.0,"key":"REST"},{"floor":23.0,"key":"REST"},{"floor":29,"key":"REST"},{"floor":32,"key":"REST"}],"neow_cost":"NONE","seed_source_timestamp":1686092967300,"circlet_count":0,"master_deck":["Strike_P","Strike_P+1","Defend_P","Defend_P","Defend_P","Eruption","Vigilance","ThirdEye","Prostrate","SignatureMove+1","Devotion","Pray","SashWhip","Evaluate","CrushJoints","Study","FlyingSleeves","Brilliance+1","Swivel"],"special_seed":0,"relics":["PureWater","Damaru","Bottled Lightning","Pantograph","Mummified Hand","Empty Cage","Whetstone"],"potions_floor_usage":[31],"damage_taken":[{"damage":2.0,"enemies":"2 Louse","floor":1.0,"turns":3.0},{"damage":3.0,"enemies":"Small Slimes","floor":2.0,"turns":4.0},{"damage":0.0,"enemies":"Cultist","floor":3.0,"turns":2.0},{"damage":0.0,"enemies":"Looter","floor":4.0,"turns":4.0},{"damage":17.0,"enemies":"3 Sentries","floor":6.0,"turns":11.0},{"damage":15.0,"enemies":"3 Sentries","floor":8.0,"turns":8.0},{"damage":2.0,"enemies":"2 Fungi Beasts","floor":10.0,"turns":4.0},{"damage":17.0,"enemies":"Exordium Thugs","floor":11.0,"turns":5.0},{"damage":2.0,"enemies":"Red Slaver","floor":12.0,"turns":2.0},{"damage":17.0,"enemies":"Hexaghost","floor":16.0,"turns":5.0},{"damage":17.0,"enemies":"3 Byrds","floor":18.0,"turns":5.0},{"damage":5.0,"enemies":"Chosen","floor":20.0,"turns":2.0},{"damage":19.0,"enemies":"3 Cultists","floor":21.0,"turns":5.0},{"damage":0,"enemies":"Chosen and Byrds","floor":30,"turns":4},{"damage":18,"enemies":"Snecko","floor":31,"turns":6},{"damage":80,"enemies":"Automaton","floor":33,"turns":6}],"seed_played":"3921684513633034149","potions_obtained":[{"floor":1.0,"key":"SkillPotion"},{"floor":2.0,"key":"Fire Potion"},{"floor":8.0,"key":"Ancient Potion"},{"floor":11.0,"key":"DuplicationPotion"},{"floor":16.0,"key":"StancePotion"},{"floor":18.0,"key":"Swift Potion"},{"floor":30,"key":"Weak Potion"}],"is_trial":false,"path_per_floor":["M","M","M","M","$","E","R","?","T","M","M","M","$","?","R","B",null,"M","?","M","M","$","R","?","?","T","$","?","R","M","M","R","B"],"character_chosen":"WATCHER","items_purchased":["Devotion","Study","FlyingSleeves"],"campfire_rested":4,"item_purchase_floors":[5,13,13],"current_hp_per_floor":[63,60,60,60,60,43,43,28,28,26,9,7,7,7,28,36,63,46,46,41,22,22,43,43,43,43,43,30,53,53,35,58,0],"gold":33,"neow_bonus":"RANDOM_COMMON_RELIC","is_prod":false,"is_daily":false,"chose_seed":false,"campfire_upgraded":1,"win_rate":0,"timestamp":1581763915,"path_taken":["M","M","M","M","$","E","R","?","T","M","M","M","$","?","R","BOSS","M","?","?","M","$","R","?","?","T","$","?","R","M","M","R","BOSS"],"build_version":"2020-01-14","purchased_purges":1,"victory":false,"max_hp_per_floor":[72,72,72,72,72,72,72,72,72,72,72,72,72,72,72,72,72,72,72,72,72,72,72,72,72,72,72,77,77,77,77,77,77],"card_choices":[{"not_picked":["CarveReality","Indignation"],"picked":"ThirdEye","floor":1.0},{"not_picked":["Adaptation","Consecrate","Halt"],"picked":"SKIP","floor":2.0},{"not_picked":["PathToVictory","JustLucky"],"picked":"Prostrate","floor":3.0},{"not_picked":["Evaluate","FlurryOfBlows"],"picked":"SignatureMove","floor":4.0},{"not_picked":["FlyingSleeves","Crescendo"],"picked":"Pray","floor":6.0},{"not_picked":["ClearTheMind","Crescendo"],"picked":"SashWhip","floor":10.0},{"not_picked":["CutThroughFate","BowlingBash"],"picked":"Evaluate","floor":11.0},{"not_picked":["ThirdEye","PathToVictory"],"picked":"CrushJoints","floor":12.0},{"not_picked":["Blasphemy","Omniscience"],"picked":"Brilliance","floor":16.0},{"not_picked":["CrushJoints","Nirvana","EmptyFist"],"picked":"SKIP","floor":18.0},{"not_picked":["Pray","Crescendo"],"picked":"Swivel","floor":20.0},{"not_picked":["EmptyBody","ClearTheMind","JustLucky"],"picked":"SKIP","floor":21.0},{"not_picked":["FollowUp+1","Pray+1","Vengeance+1"],"picked":"SKIP","floor":30},{"not_picked":["TalkToTheHand+1","JustLucky+1","Judgement"],"picked":"SKIP","floor":31}],"player_experience":275767,"relics_obtained":[{"floor":6.0,"key":"Bottled Lightning"},{"floor":8.0,"key":"Pantograph"},{"floor":9.0,"key":"Mummified Hand"},{"floor":26,"key":"Whetstone"}],"event_choices":[{"damage_healed":0.0,"max_hp_gain":0.0,"max_hp_loss":0.0,"gold_gain":0.0,"event_name":"Dead Adventurer","player_choice":"Searched \u00271\u0027 times","floor":8.0,"gold_loss":0.0,"damage_taken":0.0},{"damage_healed":0.0,"max_hp_gain":0.0,"max_hp_loss":0.0,"gold_gain":0.0,"event_name":"Scrap Ooze","player_choice":"Fled","floor":14.0,"gold_loss":0.0,"damage_taken":0.0},{"damage_healed":0.0,"max_hp_gain":0.0,"max_hp_loss":0.0,"gold_gain":100.0,"event_name":"Golden Shrine","player_choice":"Pray","floor":19.0,"gold_loss":0.0,"damage_taken":0.0},{"damage_healed":0.0,"max_hp_gain":0.0,"max_hp_loss":0.0,"gold_gain":99.0,"event_name":"Nest","player_choice":"Stole From Cult","floor":24.0,"gold_loss":0.0,"damage_taken":0.0},{"damage_healed":0,"gold_gain":0,"player_choice":"Paid Fearfully","damage_taken":0,"max_hp_gain":0,"max_hp_loss":0,"event_name":"Masked Bandits","floor":25,"gold_loss":311},{"damage_healed":0,"gold_gain":0,"player_choice":"Shed Blood","damage_taken":18,"max_hp_gain":5,"max_hp_loss":0,"event_name":"Forgotten Altar","floor":28,"gold_loss":0}],"is_beta":false,"boss_relics":[{"not_picked":["Ectoplasm","Pandora\u0027s Box"],"picked":"Empty Cage"}],"items_purged_floors":[22],"is_endless":false,"potions_floor_spawned":[1,2,8,11,16,18,30],"killed_by":"Automaton","ascension_level":8}