{"gold_per_floor":[10,10,10,85,97,97,97,118,118,132,146,146],"floor_reached":12,"playtime":336,"items_purged":[],"score":98,"play_id":"88b672e2-69e1-48b5-a2f4-dd727029dfec","local_time":"20200216131325","is_ascension_mode":true,"campfire_choices":[{"data":"MentalFortress","floor":6,"key":"SMITH"}],"neow_cost":"NO_GOLD","seed_source_timestamp":9196604161100,"circlet_count":0,"master_deck":["Strike_P","Strike_P","Strike_P","Strike_P","Defend_P","Defend_P","Defend_P","Defend_P","Vigilance","CutThroughFate","Adaptation","MentalFortress+1","EmptyFist","EmptyBody"],"relics":["PureWater","Mummified Hand","Golden Idol","Gremlin Horn"],"potions_floor_usage":[],"damage_taken":[{"damage":0,"enemies":"Cultist","floor":1,"turns":2},{"damage":2,"enemies":"Small Slimes","floor":5,"turns":4},{"damage":1,"enemies":"2 Louse","floor":8,"turns":4},{"damage":14,"enemies":"Exordium Wildlife","floor":10,"turns":4},{"damage":0,"enemies":"2 Fungi Beasts","floor":11,"turns":5},{"damage":15,"enemies":"Lagavulin","floor":12,"turns":6}],"seed_played":"-4036450853939699674","potions_obtained":[{"floor":5,"key":"StancePotion"},{"floor":8,"key":"SteroidPotion"},{"floor":11,"key":"Strength Potion"}],"is_trial":false,"path_per_floor":["M","T","?","?","M","R","?","M","T","M","M","E"],"character_chosen":"WATCHER","items_purchased":[],"campfire_rested":0,"item_purchase_floors":[],"current_hp_per_floor":[79,79,79,68,66,66,45,44,44,30,30,15],"gold":146,"neow_bonus":"TWENTY_PERCENT_HP_BONUS","is_prod":false,"is_daily":false,"chose_seed":false,"campfire_upgraded":1,"win_rate":0,"timestamp":1581840805,"path_taken":["M","?","?","?","?","R","?","M","T","M","M","E"],"build_version":"2020-01-14","purchased_purges":0,"victory":false,"max_hp_per_floor":[86,86,86,86,86,86,86,86,86,86,86,86],"card_choices":[{"not_picked":["CrushJoints","Indignation"],"picked":"CutThroughFate","floor":1},{"not_picked":["WaveOfTheHand","PathToVictory"],"picked":"MentalFortress","floor":5},{"not_picked":["Crescendo","CrushJoints"],"picked":"EmptyFist","floor":8},{"not_picked":["Collect","CutThroughFate"],"picked":"EmptyBody","floor":10},{"not_picked":["FlyingSleeves","Perseverance","Weave"],"picked":"SKIP","floor":11},{"not_picked":["FlyingSleeves","Perseverance","Weave"],"picked":"SKIP","floor":11}],"player_experience":286106,"relics_obtained":[{"floor":2,"key":"Mummified Hand"},{"floor":9,"key":"Gremlin Horn"}],"event_choices":[{"damage_healed":0,"gold_gain":0,"cards_transformed":["Eruption"],"player_choice":"Change","damage_taken":0,"max_hp_gain":0,"max_hp_loss":0,"event_name":"Living Wall","floor":3,"gold_loss":0,"cards_obtained":["Adaptation"]},{"damage_healed":0,"gold_gain":75,"player_choice":"Gather Gold","damage_taken":11,"max_hp_gain":0,"max_hp_loss":0,"event_name":"World of Goop","floor":4,"gold_loss":0},{"damage_healed":0,"gold_gain":0,"player_choice":"Take Damage","damage_taken":21,"relics_obtained":["Golden Idol"],"max_hp_gain":0,"max_hp_loss":0,"event_name":"Golden Idol","floor":7,"gold_loss":0}],"is_beta":false,"boss_relics":[],"items_purged_floors":[],"is_endless":false,"potions_floor_spawned":[5,8,11],"killed_by":"Lagavulin","ascension_level":8}