{"gold_per_floor":[116,129,143,154,173,204,56,70,70,19,19,32,32,49,49,149,149,159,84,100,280,280],"floor_reached":22,"playtime":1314,"items_purged":[],"score":257,"play_id":"2560da64-1884-4148-a005-a918d337a1c6","local_time":"20200208080726","is_ascension_mode":true,"campfire_choices":[{"data":"PathToVictory","floor":13,"key":"SMITH"},{"data":"WaveOfTheHand","floor":15,"key":"SMITH"}],"neow_cost":"NONE","seed_source_timestamp":1234872292000,"circlet_count":0,"master_deck":["Strike_P","Strike_P","Strike_P","Strike_P","Defend_P","Defend_P","Defend_P","Defend_P","Deep Breath","WaveOfTheHand+1","DeceiveReality","CarveReality","SpiritShield","Sanctity","PathToVictory+1","Evaluate","Establishment","Study+1"],"relics":["PureWater","Lizard Tail","TheAbacus","Mercury Hourglass","Empty Cage"],"potions_floor_usage":[6,6,16,22],"damage_taken":[{"damage":0,"enemies":"Cultist","floor":1,"turns":2},{"damage":4,"enemies":"Jaw Worm","floor":2,"turns":3},{"damage":0,"enemies":"2 Louse","floor":3,"turns":2},{"damage":6,"enemies":"2 Fungi Beasts","floor":4,"turns":4},{"damage":35,"enemies":"Lots of Slimes","floor":5,"turns":11},{"damage":13,"enemies":"3 Sentries","floor":6,"turns":10},{"damage":1,"enemies":"Red Slaver","floor":8,"turns":6},{"damage":0,"enemies":"Exordium Wildlife","floor":12,"turns":3},{"damage":0,"enemies":"2 Fungi Beasts","floor":14,"turns":4},{"damage":20,"enemies":"Hexaghost","floor":16,"turns":14},{"damage":0,"enemies":"Shell Parasite","floor":18,"turns":8},{"damage":0,"enemies":"3 Byrds","floor":20,"turns":6},{"damage":21,"enemies":"Cultist and Chosen","floor":22,"turns":12}],"seed_played":"-1293342894949462750","potions_obtained":[{"floor":1,"key":"Dexterity Potion"},{"floor":3,"key":"SneckoOil"},{"floor":8,"key":"SkillPotion"},{"floor":12,"key":"Energy Potion"},{"floor":14,"key":"EssenceOfSteel"},{"floor":18,"key":"SteroidPotion"},{"floor":20,"key":"Block Potion"}],"is_trial":false,"path_per_floor":["M","M","M","M","M","E","$","M","T","$","?","M","R","M","R","B",null,"M","?","M","?","M"],"character_chosen":"WATCHER","items_purchased":["TheAbacus","PathToVictory"],"campfire_rested":0,"item_purchase_floors":[7,10],"current_hp_per_floor":[65,61,61,55,20,7,7,6,6,6,24,24,24,24,24,4,53,53,53,53,34,13],"gold":280,"neow_bonus":"RANDOM_COLORLESS","is_prod":false,"is_daily":false,"chose_seed":false,"campfire_upgraded":2,"win_rate":0,"timestamp":1581131246,"path_taken":["M","M","M","M","M","E","?","?","T","$","?","M","R","M","R","BOSS","M","?","M","?","?"],"build_version":"2020-01-14","purchased_purges":0,"victory":false,"max_hp_per_floor":[72,72,72,72,72,72,72,72,72,72,72,72,72,72,72,72,69,69,69,69,69,69],"card_choices":[{"not_picked":["Madness","Discovery"],"picked":"Deep Breath","floor":0},{"not_picked":["CrushJoints","Crescendo","JustLucky"],"picked":"SKIP","floor":1},{"not_picked":["BowlingBash","Prostrate"],"picked":"WaveOfTheHand","floor":2},{"not_picked":["Crescendo","Fasting2","Study"],"picked":"SKIP","floor":3},{"not_picked":["Crescendo","ClearTheMind"],"picked":"DeceiveReality","floor":4},{"not_picked":["Crescendo","WaveOfTheHand"],"picked":"CarveReality","floor":5},{"not_picked":["FlyingSleeves","Perseverance"],"picked":"SpiritShield","floor":6},{"not_picked":["SashWhip","FlyingSleeves"],"picked":"Sanctity","floor":8},{"not_picked":["DeceiveReality","Adaptation"],"picked":"Evaluate","floor":12},{"not_picked":["ClearTheMind","FlyingSleeves","EmptyMind"],"picked":"SKIP","floor":14},{"not_picked":["Alpha","Judgement"],"picked":"Establishment","floor":16},{"not_picked":["EmptyFist","Protect"],"picked":"Study+1","floor":18},{"not_picked":["BowlingBash","Protect","ThirdEye"],"picked":"SKIP","floor":20}],"player_experience":261926,"relics_obtained":[{"floor":6,"key":"Lizard Tail"},{"floor":9,"key":"Mercury Hourglass"}],"event_choices":[{"damage_healed":18,"gold_gain":0,"player_choice":"Healed and dodged fight","damage_taken":0,"max_hp_gain":0,"max_hp_loss":0,"event_name":"Mushrooms","floor":11,"gold_loss":0,"cards_obtained":["Parasite"]},{"cards_removed":["Vigilance"],"damage_healed":0,"gold_gain":0,"player_choice":"Gave Gold","damage_taken":0,"max_hp_gain":0,"max_hp_loss":0,"event_name":"Beggar","floor":19,"gold_loss":75},{"damage_healed":0,"gold_gain":180,"player_choice":"GOLD GOLD ","damage_taken":19,"max_hp_gain":0,"max_hp_loss":0,"event_name":"Knowing Skull","floor":21,"potions_obtained":[],"gold_loss":0,"cards_obtained":[]}],"is_beta":false,"boss_relics":[{"not_picked":["VioletLotus","Pandora\u0027s Box"],"picked":"Empty Cage"}],"items_purged_floors":[],"is_endless":false,"potions_floor_spawned":[1,3,8,12,14,18,20],"killed_by":"Cultist and Chosen","ascension_level":7}