{"gold_per_floor":[109,59,59,59,159,188,188,205,205,215,231,231,245,271,271,375,375,394,405,415,429,389,389,399,399,453,464,241,269,269,296,296,391,391,402,412,165,165,165,193,193,213,213,14,45,62,74,74,74,74],"floor_reached":51,"playtime":1666,"items_purged":["Strike_P","Defend_P","Defend_P"],"score":1156,"play_id":"17a027bc-9491-483b-8f10-ee76747dea20","local_time":"20200212032312","is_ascension_mode":true,"campfire_choices":[{"data":"PathToVictory","floor":7,"key":"SMITH"},{"data":"ThirdEye","floor":12,"key":"SMITH"},{"data":"PathToVictory","floor":15,"key":"SMITH"},{"floor":23,"key":"REST"},{"data":"ThirdEye","floor":25,"key":"SMITH"},{"floor":30,"key":"REST"},{"data":"Vault","floor":32,"key":"SMITH"},{"data":"PathToVictory","floor":41,"key":"SMITH"},{"data":"Nirvana","floor":49,"key":"SMITH"}],"neow_cost":"NONE","seed_source_timestamp":1316884409500,"circlet_count":0,"master_deck":["Strike_P","Strike_P","Defend_P","SashWhip","Consecrate","PathToVictory+1","ThirdEye+1","Wireheading","PathToVictory+1","PathToVictory+1","ThirdEye+1","Protect","Vault+1","PathToVictory+1","PathToVictory+1","Nirvana+1"],"relics":["PureWater","NeowsBlessing","Bronze Scales","Sundial","PreservedInsect","Empty Cage","Juzu Bracelet","Bottled Tornado","Cursed Key","DollysMirror","Singing Bowl","Turnip","MealTicket"],"potions_floor_usage":[6,27,29,31,33,33,33,45,50,50,50,50,50],"damage_taken":[{"damage":0,"enemies":"2 Louse","floor":1,"turns":1},{"damage":0,"enemies":"Lagavulin","floor":6,"turns":1},{"damage":0,"enemies":"Small Slimes","floor":8,"turns":1},{"damage":4,"enemies":"Jaw Worm","floor":10,"turns":6},{"damage":4,"enemies":"Looter","floor":11,"turns":3},{"damage":3,"enemies":"Lots of Slimes","floor":13,"turns":4},{"damage":11,"enemies":"Gremlin Nob","floor":14,"turns":3},{"damage":16,"enemies":"Hexaghost","floor":16,"turns":8},{"damage":7,"enemies":"Chosen","floor":18,"turns":3},{"damage":0,"enemies":"3 Byrds","floor":19,"turns":2},{"damage":23,"enemies":"Shelled Parasite and Fungi","floor":20,"turns":4},{"damage":10,"enemies":"Snake Plant","floor":21,"turns":3},{"damage":2,"enemies":"Snecko","floor":24,"turns":4},{"damage":9,"enemies":"Centurion and Healer","floor":27,"turns":4},{"damage":26,"enemies":"Book of Stabbing","floor":29,"turns":5},{"damage":0,"enemies":"Gremlin Leader","floor":31,"turns":3},{"damage":27,"enemies":"Collector","floor":33,"turns":6},{"damage":9,"enemies":"3 Darklings","floor":35,"turns":4},{"damage":0,"enemies":"Orb Walker","floor":36,"turns":3},{"damage":0,"enemies":"Giant Head","floor":40,"turns":4},{"damage":4,"enemies":"Sphere and 2 Shapes","floor":42,"turns":5},{"damage":24,"enemies":"Reptomancer","floor":45,"turns":4},{"damage":0,"enemies":"Writhing Mass","floor":46,"turns":3},{"damage":0,"enemies":"Maw","floor":47,"turns":4},{"damage":49,"enemies":"Time Eater","floor":50,"turns":6}],"seed_played":"7533151021759713150","potions_obtained":[{"floor":1,"key":"Fire Potion"},{"floor":6,"key":"Fruit Juice"},{"floor":14,"key":"FearPotion"},{"floor":18,"key":"EntropicBrew"},{"floor":24,"key":"CultistPotion"},{"floor":27,"key":"LiquidMemories"},{"floor":29,"key":"DistilledChaos"},{"floor":40,"key":"Regen Potion"},{"floor":45,"key":"GamblersBrew"},{"floor":46,"key":"Regen Potion"}],"is_trial":false,"path_per_floor":["M","?","?","?","?","E","R","M","T","M","M","R","M","E","R","B",null,"M","M","M","M","?","R","M","R","T","M","$","E","R","E","R","B",null,"M","M","$","?","?","E","R","M","T","$","E","M","M","$","R","B",null],"character_chosen":"WATCHER","items_purchased":["Vault","DollysMirror","Nirvana"],"campfire_rested":2,"item_purchase_floors":[28,37,44],"current_hp_per_floor":[65,65,65,70,70,75,75,75,75,71,67,67,64,53,53,37,71,64,64,41,31,31,55,53,53,53,44,44,18,42,42,42,15,65,56,56,56,56,56,56,56,54,54,54,41,43,45,60,60,26],"gold":74,"neow_bonus":"THREE_ENEMY_KILL","is_prod":false,"is_daily":false,"chose_seed":false,"campfire_upgraded":7,"win_rate":0,"timestamp":1581459792,"path_taken":["M","?","?","?","?","E","R","M","T","M","M","R","M","E","R","BOSS","M","M","?","?","?","R","?","R","T","M","$","E","R","E","R","BOSS","M","M","$","?","?","E","R","M","T","$","E","M","M","$","R","BOSS"],"build_version":"2020-01-14","purchased_purges":3,"victory":true,"max_hp_per_floor":[72,72,72,77,77,82,82,82,82,82,82,82,82,82,82,82,82,82,82,82,82,82,82,82,82,82,82,82,82,82,82,82,82,82,82,82,82,82,82,82,82,84,84,84,86,88,90,90,90,90],"card_choices":[{"not_picked":["MentalFortress","JustLucky"],"picked":"SashWhip","floor":1},{"not_picked":["LikeWater","Wireheading"],"picked":"PathToVictory","floor":6},{"not_picked":["InnerPeace","SandsOfTime"],"picked":"ThirdEye","floor":8},{"not_picked":["LikeWater","Collect","ReachHeaven"],"picked":"SKIP","floor":10},{"not_picked":["Worship","DeceiveReality"],"picked":"Wireheading","floor":11},{"not_picked":["Crescendo","Consecrate"],"picked":"PathToVictory","floor":13},{"not_picked":["ConjureBlade","Tantrum","JustLucky"],"picked":"SKIP","floor":14},{"not_picked":["Prostrate","EmptyFist"],"picked":"PathToVictory","floor":18},{"not_picked":["EmptyBody+1","WheelKick","WindmillStrike"],"picked":"SKIP","floor":19},{"not_picked":["Tantrum+1","FollowUp"],"picked":"ThirdEye","floor":20},{"not_picked":["FlyingSleeves","BattleHymn"],"picked":"Protect","floor":21},{"not_picked":["FearNoEvil","Study","ThirdEye"],"picked":"SKIP","floor":24},{"not_picked":["Adaptation","CrushJoints+1","FlurryOfBlows+1"],"picked":"SKIP","floor":27},{"not_picked":["JustLucky","BowlingBash","EmptyBody"],"picked":"SKIP","floor":29},{"not_picked":["Fasting2","FearNoEvil+1","Blasphemy"],"picked":"SKIP","floor":31},{"not_picked":["Omniscience","Establishment"],"picked":"DeusExMachina","floor":33},{"not_picked":["EmptyFist","Crescendo","Prostrate+1"],"picked":"SKIP","floor":35},{"not_picked":["ThirdEye","Prostrate","CutThroughFate"],"picked":"SKIP","floor":36},{"not_picked":["Fasting2","SpiritShield"],"picked":"PathToVictory","floor":40},{"not_picked":["EmptyBody+1","Indignation","Study+1"],"picked":"Singing Bowl","floor":42},{"not_picked":["Consecrate+1","JustLucky+1","BattleHymn"],"picked":"Singing Bowl","floor":45},{"not_picked":["JustLucky+1","EmptyFist+1","Weave"],"picked":"Singing Bowl","floor":46},{"not_picked":["BowlingBash+1","Worship+1","Wallop+1"],"picked":"Singing Bowl","floor":47}],"player_experience":268569,"relics_obtained":[{"floor":6,"key":"Bronze Scales"},{"floor":9,"key":"Sundial"},{"floor":14,"key":"PreservedInsect"},{"floor":29,"key":"Juzu Bracelet"},{"floor":31,"key":"Bottled Tornado"},{"floor":40,"key":"Turnip"},{"floor":45,"key":"MealTicket"}],"event_choices":[{"cards_removed":["Strike_P"],"damage_healed":0,"gold_gain":0,"player_choice":"Card Removal","damage_taken":0,"max_hp_gain":0,"max_hp_loss":0,"event_name":"The Cleric","floor":2,"gold_loss":50},{"damage_healed":0,"gold_gain":0,"cards_transformed":["Defend_P"],"player_choice":"Change","damage_taken":0,"max_hp_gain":0,"max_hp_loss":0,"event_name":"Living Wall","floor":3,"gold_loss":0,"cards_obtained":["Consecrate"]},{"damage_healed":0,"gold_gain":0,"player_choice":"Donut","damage_taken":0,"max_hp_gain":5,"max_hp_loss":0,"event_name":"Big Fish","floor":4,"gold_loss":0},{"damage_healed":0,"gold_gain":100,"player_choice":"Pray","damage_taken":0,"max_hp_gain":0,"max_hp_loss":0,"event_name":"Golden Shrine","floor":5,"gold_loss":0},{"damage_healed":0,"gold_gain":0,"player_choice":"Upgrade","damage_taken":0,"max_hp_gain":0,"max_hp_loss":0,"event_name":"Designer","floor":22,"gold_loss":40,"cards_upgraded":["PathToVictory"]},{"damage_healed":0,"gold_gain":0,"player_choice":"Ignored","damage_taken":0,"max_hp_gain":0,"max_hp_loss":0,"event_name":"Mysterious Sphere","floor":38,"gold_loss":0},{"cards_removed":["DeusExMachina"],"damage_healed":0,"gold_gain":0,"player_choice":"Gave Card","damage_taken":0,"relics_obtained":["Singing Bowl"],"max_hp_gain":0,"max_hp_loss":0,"event_name":"WeMeetAgain","floor":39,"gold_loss":0}],"is_beta":false,"boss_relics":[{"not_picked":["Pandora\u0027s Box","Runic Dome"],"picked":"Empty Cage"},{"not_picked":["Tiny House","Runic Pyramid"],"picked":"Cursed Key"}],"items_purged_floors":[28,37,44],"is_endless":false,"potions_floor_spawned":[1,6,14,18,24,27,29,40,45,46],"ascension_level":7}