{"gold_per_floor":[115,128,128,128,5,49,73,116,139,139,159,184,39,39,39,165,165,188,202,202,202],"floor_reached":21,"playtime":717,"items_purged":[],"score":300,"play_id":"6135866b-4073-4218-8096-32552ea844fe","local_time":"20200217160313","is_ascension_mode":true,"campfire_choices":[{"floor":15,"key":"REST"}],"neow_cost":"NONE","seed_source_timestamp":2204387303400,"circlet_count":0,"master_deck":["Strike_P","Strike_P","Strike_P","Defend_P","Defend_P","Defend_P","Defend_P","Eruption","Vigilance","Adaptation","TalkToTheHand","EmptyFist","Meditate","Ragnarok+1","EmptyBody","Vengeance","Consecrate","WreathOfFlame","MentalFortress","Wallop","Wish","CurseOfTheBell","FlurryOfBlows","EmptyBody"],"special_seed":0,"relics":["PureWater","NeowsBlessing","Golden Idol","Happy Flower","Vajra","Akabeko","Calling Bell","Bird Faced Urn","Mummified Hand","Potion Belt"],"potions_floor_usage":[16,18,19],"damage_taken":[{"damage":0.0,"enemies":"Small Slimes","floor":1.0,"turns":1.0},{"damage":0.0,"enemies":"2 Louse","floor":2.0,"turns":1.0},{"damage":0.0,"enemies":"Gremlin Nob","floor":6.0,"turns":1.0},{"damage":0.0,"enemies":"Cultist","floor":7.0,"turns":3.0},{"damage":35.0,"enemies":"3 Sentries","floor":8.0,"turns":9.0},{"damage":8,"enemies":"Exordium Thugs","floor":11,"turns":4},{"damage":0,"enemies":"Large Slime","floor":12,"turns":2},{"damage":32,"enemies":"Slime Boss","floor":16,"turns":7},{"damage":22,"enemies":"3 Byrds","floor":18,"turns":6},{"damage":26,"enemies":"Shell Parasite","floor":19,"turns":6},{"damage":16,"enemies":"Shelled Parasite and Fungi","floor":21,"turns":2}],"seed_played":"-7848002676151835863","potions_obtained":[{"floor":2.0,"key":"SteroidPotion"},{"floor":6.0,"key":"DistilledChaos"},{"floor":7.0,"key":"Dexterity Potion"},{"floor":12,"key":"DistilledChaos"},{"floor":16,"key":"FearPotion"},{"floor":18,"key":"SkillPotion"}],"is_trial":false,"path_per_floor":["M","M","?","?","$","E","M","E","T","?","M","M","$","?","R","B",null,"M","M","?","M"],"character_chosen":"WATCHER","items_purchased":["EmptyFist","Meditate","MentalFortress","Wallop"],"campfire_rested":1,"item_purchase_floors":[5,5,13,13],"current_hp_per_floor":[65,65,58,58,58,58,58,23,23,23,15,15,15,15,35,3,51,31,5,5,0],"gold":202,"neow_bonus":"THREE_ENEMY_KILL","is_prod":false,"is_daily":false,"chose_seed":false,"campfire_upgraded":0,"win_rate":0,"timestamp":1581937393,"path_taken":["M","M","?","?","$","E","M","E","T","?","?","M","?","?","R","BOSS","M","M","?","?"],"build_version":"2020-01-14","purchased_purges":0,"victory":false,"max_hp_per_floor":[72,72,72,67,67,67,67,67,67,67,67,67,67,67,67,67,67,67,67,67,67],"card_choices":[{"not_picked":["ThirdEye","Prostrate"],"picked":"Adaptation","floor":1.0},{"not_picked":["ClearTheMind","CrushJoints"],"picked":"TalkToTheHand","floor":2.0},{"not_picked":["Nirvana","EmptyFist"],"picked":"Ragnarok","floor":6.0},{"not_picked":["CrushJoints","Crescendo"],"picked":"EmptyBody","floor":7.0},{"not_picked":["FollowUp","Sanctity"],"picked":"Vengeance","floor":8.0},{"not_picked":["WindmillStrike","Wireheading"],"picked":"Consecrate","floor":11},{"not_picked":["Wallop","BattleHymn"],"picked":"WreathOfFlame","floor":12},{"not_picked":["Omniscience","LessonLearned"],"picked":"Wish","floor":16},{"not_picked":["Pray","CarveReality+1"],"picked":"FlurryOfBlows","floor":18},{"not_picked":["FlurryOfBlows","Protect"],"picked":"EmptyBody","floor":19}],"player_experience":290778,"relics_obtained":[{"floor":6.0,"key":"Happy Flower"},{"floor":8.0,"key":"Vajra"},{"floor":9.0,"key":"Akabeko"},{"floor":17,"key":"Bird Faced Urn"},{"floor":17,"key":"Mummified Hand"},{"floor":17,"key":"Potion Belt"}],"event_choices":[{"cards_removed":["Strike_P"],"damage_healed":0.0,"max_hp_gain":0.0,"max_hp_loss":0.0,"gold_gain":0.0,"event_name":"Golden Wing","player_choice":"Card Removal","floor":3.0,"gold_loss":0.0,"damage_taken":7.0},{"damage_healed":0.0,"max_hp_gain":0.0,"max_hp_loss":5.0,"gold_gain":0.0,"event_name":"Golden Idol","player_choice":"Lose Max HP","floor":4.0,"gold_loss":0.0,"damage_taken":0.0,"relics_obtained":["Golden Idol"]},{"damage_healed":0.0,"max_hp_gain":0.0,"max_hp_loss":0.0,"gold_gain":0.0,"event_name":"FaceTrader","player_choice":"Leave","floor":10.0,"gold_loss":0.0,"damage_taken":0.0},{"damage_healed":0,"gold_gain":0,"player_choice":"Upgraded","damage_taken":0,"max_hp_gain":0,"max_hp_loss":0,"event_name":"Upgrade Shrine","floor":14,"gold_loss":0,"cards_upgraded":["Ragnarok"]},{"damage_healed":0,"gold_gain":0,"player_choice":"0 cards matched","damage_taken":0,"max_hp_gain":0,"max_hp_loss":0,"event_name":"Match and Keep!","floor":20,"gold_loss":0,"cards_obtained":[]}],"is_beta":false,"boss_relics":[{"not_picked":["SlaversCollar","SacredBark"],"picked":"Calling Bell"}],"items_purged_floors":[],"is_endless":false,"potions_floor_spawned":[2,6,7,12,16,18],"killed_by":"Shelled Parasite and Fungi","ascension_level":8}