{"gold_per_floor":[117,292,111,111,125,125,150,150,203,233,233,233,243,259,259,356,356,371,296,145,145,145,145,156,168,168,168,168,168,168,168],"floor_reached":31,"playtime":1018,"items_purged":["Doubt"],"score":372,"play_id":"7cacd0c1-7ba2-4118-afee-ae5dc5ca17d2","local_time":"20200215231938","is_ascension_mode":true,"campfire_choices":[{"data":"Wireheading","floor":6,"key":"SMITH"},{"data":"PathToVictory","floor":8,"key":"SMITH"},{"floor":12,"key":"REST"},{"data":"ThirdEye","floor":15,"key":"SMITH"},{"data":"Nirvana","floor":23,"key":"SMITH"},{"floor":27,"key":"REST"}],"neow_cost":"NONE","seed_source_timestamp":29081069875000,"circlet_count":0,"master_deck":["Strike_P","Strike_P","Strike_P","Strike_P","Defend_P","Defend_P","Defend_P","Defend_P","Vigilance","SashWhip","ThirdEye+1","Wireheading+1","PathToVictory+1","Vault","Nirvana+1"],"relics":["PureWater","NeowsBlessing","Girya","Blood Vial","Bag of Marbles","TeardropLocket","Philosopher\u0027s Stone","Dream Catcher"],"potions_floor_usage":[10,16,16,29],"damage_taken":[{"damage":0,"enemies":"Small Slimes","floor":1,"turns":1},{"damage":0,"enemies":"2 Louse","floor":5,"turns":1},{"damage":0,"enemies":"3 Sentries","floor":7,"turns":2},{"damage":59,"enemies":"Gremlin Nob","floor":10,"turns":6},{"damage":0,"enemies":"Jaw Worm","floor":13,"turns":3},{"damage":3,"enemies":"Exordium Wildlife","floor":14,"turns":6},{"damage":32,"enemies":"Hexaghost","floor":16,"turns":11},{"damage":26,"enemies":"Shell Parasite","floor":18,"turns":7},{"damage":5,"enemies":"Chosen","floor":24,"turns":6},{"damage":9,"enemies":"Centurion and Healer","floor":25,"turns":9},{"damage":0,"enemies":"Snake Plant","floor":29,"turns":2},{"damage":43,"enemies":"3 Cultists","floor":31,"turns":9}],"seed_played":"-5420927400312503734","potions_obtained":[{"floor":5,"key":"ColorlessPotion"},{"floor":10,"key":"SmokeBomb"},{"floor":13,"key":"AttackPotion"},{"floor":14,"key":"SpeedPotion"},{"floor":25,"key":"StancePotion"}],"is_trial":false,"path_per_floor":["M","?","$","?","M","R","E","R","T","E","?","R","M","M","R","B",null,"M","?","$","?","?","R","M","M","T","R","?","M","$","M"],"character_chosen":"WATCHER","items_purchased":["ThirdEye","Wireheading","Dream Catcher"],"campfire_rested":2,"item_purchase_floors":[3,3,20],"current_hp_per_floor":[65,65,65,70,70,70,70,70,70,13,10,33,35,34,34,4,59,35,35,35,35,35,35,32,25,25,48,34,36,36,0],"gold":168,"neow_bonus":"THREE_ENEMY_KILL","is_prod":false,"is_daily":false,"chose_seed":false,"campfire_upgraded":4,"win_rate":0,"timestamp":1581790778,"path_taken":["M","?","$","?","M","R","E","R","T","E","?","R","M","M","R","BOSS","M","?","$","?","?","R","M","M","T","R","?","?","$","M"],"build_version":"2020-01-14","purchased_purges":1,"victory":false,"max_hp_per_floor":[72,72,72,77,77,77,77,77,77,77,77,77,77,77,77,77,77,77,77,77,77,77,77,77,77,77,77,82,82,82,82],"card_choices":[{"not_picked":["ClearTheMind","SandsOfTime"],"picked":"SashWhip","floor":1},{"not_picked":["FollowUp","Vengeance","TalkToTheHand"],"picked":"SKIP","floor":5},{"not_picked":["Protect","EmptyFist"],"picked":"PathToVictory","floor":7},{"not_picked":["FearNoEvil","LessonLearned","WreathOfFlame"],"picked":"SKIP","floor":10},{"not_picked":["FlyingSleeves","Meditate","SashWhip"],"picked":"SKIP","floor":13},{"not_picked":["BowlingBash","FlurryOfBlows","Consecrate"],"picked":"SKIP","floor":14},{"not_picked":["Scrawl","Ragnarok"],"picked":"Vault","floor":16},{"not_picked":["ForeignInfluence","WheelKick","JustLucky"],"picked":"SKIP","floor":18},{"not_picked":["Crescendo","Halt","ReachHeaven"],"picked":"SKIP","floor":24},{"not_picked":["Halt","FollowUp","EmptyBody"],"picked":"SKIP","floor":25}],"player_experience":284795,"relics_obtained":[{"floor":7,"key":"Girya"},{"floor":9,"key":"Blood Vial"},{"floor":10,"key":"Bag of Marbles"}],"event_choices":[{"damage_healed":0,"gold_gain":175,"player_choice":"AGREE","damage_taken":0,"max_hp_gain":0,"max_hp_loss":0,"event_name":"Liars Game","floor":2,"gold_loss":0,"cards_obtained":["Doubt"]},{"damage_healed":0,"gold_gain":0,"player_choice":"Donut","damage_taken":0,"max_hp_gain":5,"max_hp_loss":0,"event_name":"Big Fish","floor":4,"gold_loss":0},{"damage_healed":0,"gold_gain":0,"player_choice":"Success","damage_taken":3,"relics_obtained":["TeardropLocket"],"max_hp_gain":0,"max_hp_loss":0,"event_name":"Scrap Ooze","floor":11,"gold_loss":0},{"cards_removed":["Eruption"],"damage_healed":0,"gold_gain":0,"player_choice":"Gave Gold","damage_taken":0,"max_hp_gain":0,"max_hp_loss":0,"event_name":"Beggar","floor":19,"gold_loss":75},{"damage_healed":0,"gold_gain":0,"player_choice":"Ignored","damage_taken":0,"max_hp_gain":0,"max_hp_loss":0,"event_name":"Ghosts","floor":21,"gold_loss":0},{"damage_healed":0,"gold_gain":0,"player_choice":"Read","damage_taken":0,"max_hp_gain":0,"max_hp_loss":0,"event_name":"The Library","floor":22,"gold_loss":0,"cards_obtained":["Nirvana"]},{"damage_healed":0,"gold_gain":0,"player_choice":"Shed Blood","damage_taken":19,"max_hp_gain":5,"max_hp_loss":0,"event_name":"Forgotten Altar","floor":28,"gold_loss":0}],"is_beta":false,"boss_relics":[{"not_picked":["SlaversCollar","Fusion Hammer"],"picked":"Philosopher\u0027s Stone"}],"items_purged_floors":[3],"is_endless":false,"potions_floor_spawned":[5,10,13,14,25,29],"killed_by":"3 Cultists","ascension_level":8}