{"gold_per_floor":[117,117,34,52,69,103,103,134,134,234,234],"floor_reached":11,"playtime":374,"items_purged":[],"score":113,"play_id":"43ba5f98-8698-4dc9-9cfa-b05e00ecf30d","local_time":"20200217165547","is_ascension_mode":true,"campfire_choices":[],"neow_cost":"CURSE","seed_source_timestamp":5747316156500,"circlet_count":0,"master_deck":["Strike_P","Strike_P","Strike_P","Strike_P","Defend_P","Defend_P","Defend_P","Defend_P","Eruption","Vigilance","Dramatic Entrance","Sanctity","EmptyBody","CrushJoints","Parasite","Consecrate"],"relics":["PureWater","Peace Pipe","Boot","Matryoshka","Pen Nib","Dream Catcher"],"potions_floor_usage":[6,6,8],"damage_taken":[{"damage":7,"enemies":"2 Louse","floor":1,"turns":4},{"damage":0,"enemies":"Small Slimes","floor":4,"turns":4},{"damage":2,"enemies":"Jaw Worm","floor":5,"turns":3},{"damage":17,"enemies":"Gremlin Nob","floor":6,"turns":4},{"damage":43,"enemies":"Lagavulin","floor":8,"turns":9},{"damage":8,"enemies":"Gremlin Gang","floor":11,"turns":2}],"seed_played":"-1831170309145905911","potions_obtained":[{"floor":1,"key":"DuplicationPotion"},{"floor":4,"key":"FearPotion"},{"floor":5,"key":"ColorlessPotion"}],"is_trial":false,"path_per_floor":["M","?","$","M","M","E","?","E","T","?","M"],"character_chosen":"WATCHER","items_purchased":["Dramatic Entrance"],"campfire_rested":0,"item_purchase_floors":[3],"current_hp_per_floor":[58,51,51,51,49,32,50,7,7,7,0],"gold":234,"neow_bonus":"ONE_RARE_RELIC","is_prod":false,"is_daily":false,"chose_seed":false,"campfire_upgraded":0,"win_rate":0,"timestamp":1581940547,"path_taken":["M","?","$","M","M","E","?","E","T","?","?"],"build_version":"2020-01-14","purchased_purges":0,"victory":false,"max_hp_per_floor":[72,72,72,72,72,72,72,72,72,72,72],"card_choices":[{"not_picked":["Crescendo","BowlingBash","EmptyMind"],"picked":"SKIP","floor":1},{"not_picked":["Crescendo","Protect"],"picked":"Sanctity","floor":4},{"not_picked":["CutThroughFate","MentalFortress"],"picked":"EmptyBody","floor":5},{"not_picked":["ClearTheMind","Sanctity"],"picked":"CrushJoints","floor":6},{"not_picked":["ClearTheMind","SashWhip"],"picked":"Consecrate","floor":8}],"player_experience":291495,"relics_obtained":[{"floor":6,"key":"Boot"},{"floor":8,"key":"Matryoshka"},{"floor":9,"key":"Pen Nib"},{"floor":9,"key":"Dream Catcher"}],"event_choices":[{"cards_removed":["Doubt"],"damage_healed":0,"gold_gain":0,"player_choice":"Card Removal","damage_taken":7,"max_hp_gain":0,"max_hp_loss":0,"event_name":"Golden Wing","floor":2,"gold_loss":0},{"damage_healed":18,"gold_gain":0,"player_choice":"Healed and dodged fight","damage_taken":0,"max_hp_gain":0,"max_hp_loss":0,"event_name":"Mushrooms","floor":7,"gold_loss":0,"cards_obtained":["Parasite"]},{"damage_healed":0,"gold_gain":100,"player_choice":"Pray","damage_taken":0,"max_hp_gain":0,"max_hp_loss":0,"event_name":"Golden Shrine","floor":10,"gold_loss":0}],"is_beta":false,"boss_relics":[],"items_purged_floors":[],"is_endless":false,"potions_floor_spawned":[1,4,5],"killed_by":"Gremlin Gang","ascension_level":8}