{"gold_per_floor":[115,127,142,142,157,157,232,157,157,188,203,246,269,269,269,394,394,414,414,118,118,118,162,180,128,128,163,78,78,96,114,114,245,245,266,281,77,101,119,119,153,153,179,179,193,224,224,20,20,20,20,20,20,61,61],"floor_reached":55,"playtime":2835,"items_purged":["Strike_P","Strike_P"],"score":1135,"play_id":"dab22db2-b051-4dcb-b957-53d63036a885","local_time":"20200220173004","is_ascension_mode":true,"campfire_choices":[{"data":"BattleHymn","floor":6.0,"key":"SMITH"},{"data":"Eruption","floor":15.0,"key":"SMITH"},{"floor":29,"key":"DIG"},{"floor":32,"key":"DIG"},{"data":"Establishment","floor":40,"key":"SMITH"},{"floor":42,"key":"DIG"},{"floor":47,"key":"RECALL"},{"floor":49,"key":"DIG"},{"floor":52,"key":"DIG"}],"neow_cost":"NONE","seed_source_timestamp":9693720930000,"circlet_count":0,"master_deck":["Strike_P","Strike_P","Defend_P","Defend_P","Defend_P","Eruption+1","Vigilance","BattleHymn+1","Perseverance","Adaptation","Protect","Prostrate","Establishment+1","CurseOfTheBell","Protect","Writhe","Vault","Crescendo+1","ClearTheMind","MasterReality+1","Vault","BattleHymn+1","ClearTheMind"],"special_seed":0,"relics":["PureWater","Golden Idol","Meat on the Bone","PreservedInsect","Letter Opener","Calling Bell","Juzu Bracelet","Mummified Hand","Shovel","Eternal Feather","TungstenRod","Gambling Chip","Gremlin Horn","Yang","Smiling Mask","Frozen Egg 2","Art of War","MealTicket","Busted Crown","Toolbox","Strawberry","Ornamental Fan","Centennial Puzzle","Bottled Tornado","Membership Card","Boot","StrikeDummy","White Beast Statue"],"potions_floor_usage":[24,27,27,35,38,38,55],"damage_taken":[{"damage":0.0,"enemies":"2 Louse","floor":1.0,"turns":2.0},{"damage":16.0,"enemies":"Jaw Worm","floor":2.0,"turns":5.0},{"damage":1.0,"enemies":"Cultist","floor":3.0,"turns":4.0},{"damage":0.0,"enemies":"3 Louse","floor":5.0,"turns":3.0},{"damage":19.0,"enemies":"Gremlin Nob","floor":10.0,"turns":4.0},{"damage":0.0,"enemies":"Red Slaver","floor":11.0,"turns":4.0},{"damage":0.0,"enemies":"Lagavulin","floor":12.0,"turns":4.0},{"damage":1.0,"enemies":"Blue Slaver","floor":13.0,"turns":3.0},{"damage":36.0,"enemies":"Slime Boss","floor":16.0,"turns":8.0},{"damage":21.0,"enemies":"3 Byrds","floor":18.0,"turns":5.0},{"damage":23,"enemies":"Book of Stabbing","floor":23,"turns":6},{"damage":3,"enemies":"Chosen","floor":24,"turns":7},{"damage":0,"enemies":"Gremlin Leader","floor":27,"turns":5},{"damage":6,"enemies":"Centurion and Healer","floor":30,"turns":5},{"damage":21,"enemies":"3 Cultists","floor":31,"turns":6},{"damage":39,"enemies":"Collector","floor":33,"turns":15},{"damage":34,"enemies":"3 Darklings","floor":35,"turns":8},{"damage":6,"enemies":"Orb Walker","floor":36,"turns":5},{"damage":8,"enemies":"Transient","floor":38,"turns":6},{"damage":13,"enemies":"Spire Growth","floor":39,"turns":4},{"damage":43,"enemies":"Nemesis","floor":41,"turns":5},{"damage":0,"enemies":"4 Shapes","floor":45,"turns":7},{"damage":3,"enemies":"Reptomancer","floor":46,"turns":8},{"damage":27,"enemies":"Awakened One","floor":50,"turns":8},{"damage":24,"enemies":"Shield and Spear","floor":54,"turns":5},{"damage":72,"enemies":"The Heart","floor":55,"turns":7}],"seed_played":"-6218062249672742697","potions_obtained":[{"floor":10.0,"key":"SteroidPotion"},{"floor":11.0,"key":"DuplicationPotion"},{"floor":12.0,"key":"AttackPotion"},{"floor":16.0,"key":"ColorlessPotion"},{"floor":18.0,"key":"Explosive Potion"},{"floor":27,"key":"FairyPotion"},{"floor":31,"key":"BottledMiracle"},{"floor":35,"key":"ColorlessPotion"},{"floor":36,"key":"SneckoOil"},{"floor":46,"key":"BlessingOfTheForge"}],"is_trial":false,"path_per_floor":["M","M","M","?","M","R","T","$","T","E","M","E","M","?","R","B",null,"M","T","$","?","?","E","M","$","T","E","?","R","M","M","R","B",null,"M","M","$","M","M","R","E","R","T","?","M","E","R","$","R","B",null,"R","$","E","B"],"character_chosen":"WATCHER","items_purchased":["TungstenRod","ClearTheMind","Toolbox","Membership Card","BattleHymn+1","ClearTheMind"],"campfire_rested":0,"item_purchase_floors":[20,25,37,48,48,48],"current_hp_per_floor":[65,49,48,48,48,48,48,48,48,41,41,41,40,40,40,16,54,45,45,45,45,45,34,43,43,43,43,43,55,49,40,52,25,57,35,41,56,48,35,47,23,35,35,74,74,71,74,74,74,47,67,74,74,50,0],"gold":61,"neow_bonus":"THREE_CARDS","is_prod":false,"is_daily":false,"chose_seed":false,"campfire_upgraded":3,"win_rate":0,"timestamp":1582201804,"path_taken":["M","M","M","?","M","R","?","$","T","E","M","E","?","?","R","BOSS","M","?","$","?","?","E","M","$","T","E","?","R","M","M","R","BOSS","M","M","$","M","M","R","E","R","T","?","M","E","R","$","R","BOSS","R","$","E","BOSS"],"build_version":"2020-01-14","purchased_purges":2,"victory":false,"max_hp_per_floor":[72,72,72,67,67,67,67,67,67,67,67,67,67,67,67,67,67,67,67,67,67,67,67,67,67,67,67,67,67,67,67,67,67,67,67,67,67,67,67,67,74,74,74,74,74,74,74,74,74,74,74,74,74,74,74],"card_choices":[{"not_picked":["FlurryOfBlows","Indignation"],"picked":"BattleHymn","floor":0.0},{"not_picked":["BowlingBash","CrushJoints","FlurryOfBlows"],"picked":"SKIP","floor":1.0},{"not_picked":["Indignation","Conclude","LikeWater"],"picked":"SKIP","floor":2.0},{"not_picked":["PathToVictory","Weave","ThirdEye"],"picked":"SKIP","floor":3.0},{"not_picked":["EmptyBody","Worship"],"picked":"Perseverance","floor":5.0},{"not_picked":["ConjureBlade","Crescendo","PathToVictory"],"picked":"SKIP","floor":10.0},{"not_picked":["Prostrate","WheelKick"],"picked":"Adaptation","floor":11.0},{"not_picked":["Prostrate","InnerPeace"],"picked":"Protect","floor":12.0},{"not_picked":["WaveOfTheHand","Wireheading","Sanctity"],"picked":"SKIP","floor":13.0},{"not_picked":["SpiritShield","DeusExMachina"],"picked":"Establishment","floor":16.0},{"not_picked":["FlurryOfBlows","TalkToTheHand+1"],"picked":"Protect","floor":18.0},{"not_picked":["FlurryOfBlows","FollowUp"],"picked":"Vault","floor":23},{"not_picked":["EmptyBody+1","ForeignInfluence"],"picked":"Crescendo+1","floor":24},{"not_picked":["Halt+1","Nirvana","BowlingBash"],"picked":"SKIP","floor":27},{"not_picked":["WheelKick+1","TalkToTheHand+1","SignatureMove"],"picked":"SKIP","floor":30},{"not_picked":["BowlingBash","InnerPeace+1","FlurryOfBlows"],"picked":"SKIP","floor":31},{"not_picked":["ConjureBlade","SpiritShield"],"picked":"MasterReality+1","floor":33},{"not_picked":["InnerPeace"],"picked":"SKIP","floor":35},{"not_picked":["Pray"],"picked":"SKIP","floor":36},{"not_picked":["BowlingBash"],"picked":"SKIP","floor":38},{"not_picked":["CrushJoints+1"],"picked":"SKIP","floor":39},{"not_picked":["ReachHeaven"],"picked":"SKIP","floor":41},{"not_picked":["ReachHeaven+1"],"picked":"SKIP","floor":45},{"not_picked":[],"picked":"Vault","floor":46},{"not_picked":["CutThroughFate"],"picked":"SKIP","floor":54}],"player_experience":299133,"relics_obtained":[{"floor":7.0,"key":"Meat on the Bone"},{"floor":10.0,"key":"PreservedInsect"},{"floor":12.0,"key":"Letter Opener"},{"floor":17.0,"key":"Juzu Bracelet"},{"floor":17.0,"key":"Mummified Hand"},{"floor":17.0,"key":"Shovel"},{"floor":19.0,"key":"Eternal Feather"},{"floor":23,"key":"Gremlin Horn"},{"floor":26,"key":"Yang"},{"floor":27,"key":"Smiling Mask"},{"floor":29,"key":"Art of War"},{"floor":32,"key":"MealTicket"},{"floor":41,"key":"Strawberry"},{"floor":42,"key":"Ornamental Fan"},{"floor":43,"key":"Centennial Puzzle"},{"floor":46,"key":"Bottled Tornado"},{"floor":49,"key":"Boot"},{"floor":52,"key":"StrikeDummy"},{"floor":54,"key":"White Beast Statue"}],"event_choices":[{"damage_healed":0.0,"max_hp_gain":0.0,"max_hp_loss":5.0,"gold_gain":0.0,"event_name":"Golden Idol","player_choice":"Lose Max HP","floor":4.0,"gold_loss":0.0,"damage_taken":0.0,"relics_obtained":["Golden Idol"]},{"damage_healed":0.0,"max_hp_gain":0.0,"max_hp_loss":0.0,"gold_gain":0.0,"cards_transformed":["Defend_P"],"event_name":"Transmorgrifier","player_choice":"Transformed","floor":14.0,"gold_loss":0.0,"damage_taken":0.0,"cards_obtained":["Prostrate"]},{"damage_healed":0.0,"max_hp_gain":0.0,"max_hp_loss":0.0,"gold_gain":0.0,"event_name":"The Mausoleum","player_choice":"Opened","floor":21.0,"gold_loss":0.0,"damage_taken":0.0,"relics_obtained":["Gambling Chip"],"cards_obtained":["Writhe"]},{"damage_healed":0,"gold_gain":0,"player_choice":"Ignored","damage_taken":0,"max_hp_gain":0,"max_hp_loss":0,"event_name":"Cursed Tome","floor":22,"gold_loss":0},{"damage_healed":0,"gold_gain":0,"player_choice":"Obtained Relic","damage_taken":0,"relics_obtained":["Frozen Egg 2"],"max_hp_gain":0,"max_hp_loss":0,"event_name":"Addict","floor":28,"gold_loss":85},{"damage_healed":39,"gold_gain":0,"player_choice":"Full Heal","damage_taken":0,"max_hp_gain":0,"max_hp_loss":0,"event_name":"Wheel of Change","floor":44,"gold_loss":0}],"is_beta":false,"boss_relics":[{"not_picked":["Runic Dome","HolyWater"],"picked":"Calling Bell"},{"not_picked":["Velvet Choker","SlaversCollar"],"picked":"Busted Crown"}],"items_purged_floors":[8,37],"is_endless":false,"potions_floor_spawned":[10,11,12,16,18,27,31,35,36,46],"killed_by":"The Heart","ascension_level":8}