{"gold_per_floor":[116,116,116,41,6,6,6,6,33,33,46,66,101,1,1,106,106,121,132,82,82,82,109,109,135,135,135,160,84,84,103,103,207,207,218,238,45,56,6,32,32,48,99,115,115,115,65,80,80,80],"floor_reached":50,"playtime":1505,"items_purged":["Defend_P","Defend_P","Defend_P","Defend_P","CarveReality+1","ForeignInfluence+1","FearNoEvil+1"],"score":785,"play_id":"e860ec86-9278-4216-a42d-87968552e2fc","local_time":"20200220203850","is_ascension_mode":true,"campfire_choices":[{"data":"Judgement","floor":6.0,"key":"SMITH"},{"data":"TalkToTheHand","floor":8.0,"key":"SMITH"},{"data":"FearNoEvil","floor":10.0,"key":"SMITH"},{"data":"PathToVictory","floor":15.0,"key":"SMITH"},{"data":"Omniscience","floor":24.0,"key":"SMITH"},{"floor":32.0,"key":"REST"},{"floor":41.0,"key":"REST"},{"data":"TalkToTheHand+1","floor":46,"key":"PURGE"},{"data":"WaveOfTheHand","floor":49,"key":"SMITH"}],"neow_cost":"PERCENT_DAMAGE","seed_source_timestamp":22248334037300,"circlet_count":0,"master_deck":["Judgement+1","PathToVictory+1","Omniscience+1","CurseOfTheBell","Sanctity+1","DeceiveReality+1","PathToVictory+1","Evaluate+1","PathToVictory+1","WaveOfTheHand+1"],"special_seed":0,"relics":["PureWater","Darkstone Periapt","Regal Pillow","MealTicket","Calling Bell","Smiling Mask","HornCleat","Peace Pipe","Anchor","Pantograph","Blue Candle","Du-Vu Doll","Astrolabe","DollysMirror","TeardropLocket","Potion Belt","Mark of the Bloom"],"potions_floor_usage":[42,50],"damage_taken":[{"damage":0.0,"enemies":"Cultist","floor":1.0,"turns":2.0},{"damage":3.0,"enemies":"Jaw Worm","floor":11.0,"turns":2.0},{"damage":0.0,"enemies":"Small Slimes","floor":12.0,"turns":1.0},{"damage":10.0,"enemies":"Gremlin Nob","floor":13.0,"turns":4.0},{"damage":40.0,"enemies":"The Guardian","floor":16.0,"turns":8.0},{"damage":16.0,"enemies":"2 Thieves","floor":18.0,"turns":3.0},{"damage":0.0,"enemies":"3 Byrds","floor":19.0,"turns":4.0},{"damage":18.0,"enemies":"Book of Stabbing","floor":23.0,"turns":5.0},{"damage":5.0,"enemies":"Slavers","floor":25.0,"turns":6.0},{"damage":26.0,"enemies":"Book of Stabbing","floor":28.0,"turns":6.0},{"damage":0.0,"enemies":"Centurion and Healer","floor":31.0,"turns":4.0},{"damage":110.0,"enemies":"Automaton","floor":33.0,"turns":11.0},{"damage":0.0,"enemies":"Orb Walker","floor":35.0,"turns":2.0},{"damage":1.0,"enemies":"3 Darklings","floor":36.0,"turns":4.0},{"damage":0.0,"enemies":"Sphere and 2 Shapes","floor":38.0,"turns":3.0},{"damage":32.0,"enemies":"Nemesis","floor":40.0,"turns":7.0},{"damage":0,"enemies":"Jaw Worm Horde","floor":42,"turns":3},{"damage":8,"enemies":"Maw","floor":44,"turns":5},{"damage":0,"enemies":"Sphere and 2 Shapes","floor":48,"turns":3},{"damage":80,"enemies":"Donu and Deca","floor":50,"turns":8}],"seed_played":"-3366546766662747848","potions_obtained":[{"floor":11.0,"key":"Fruit Juice"},{"floor":23.0,"key":"BlessingOfTheForge"},{"floor":25.0,"key":"FairyPotion"},{"floor":28.0,"key":"SkillPotion"},{"floor":33.0,"key":"LiquidBronze"},{"floor":36.0,"key":"AttackPotion"},{"floor":48,"key":"Weak Potion"}],"is_trial":false,"path_per_floor":["M","?","?","$","?","R","?","R","T","R","M","M","E","$","R","B",null,"M","M","$","?","?","E","R","E","T","?","E","$","?","M","R","B",null,"M","M","$","M","$","E","R","M","T","M","?","R","$","M","R","B"],"character_chosen":"WATCHER","items_purchased":["PathToVictory","DollysMirror"],"campfire_rested":2,"item_purchase_floors":[29,37],"current_hp_per_floor":[47,44,44,44,62,62,62,62,62,62,64,64,54,69,69,29,71,55,55,70,70,70,52,52,47,47,47,21,36,36,36,75,4,63,63,62,77,77,83,51,83,83,83,75,75,75,75,75,75,0],"gold":80,"neow_bonus":"TRANSFORM_TWO_CARDS","is_prod":false,"is_daily":false,"chose_seed":false,"campfire_upgraded":6,"win_rate":0,"timestamp":1582213130,"path_taken":["M","?","?","?","?","R","?","R","T","R","M","M","E","$","R","BOSS","M","?","?","?","?","E","R","E","T","?","E","$","?","?","R","BOSS","M","?","?","M","$","E","R","M","T","M","?","R","?","?","R","BOSS"],"build_version":"2020-01-14","purchased_purges":7,"victory":false,"max_hp_per_floor":[72,72,72,72,72,72,72,72,72,72,77,77,77,77,77,77,83,83,83,83,83,83,83,83,83,83,83,83,83,83,83,83,83,83,83,83,83,83,83,83,83,83,83,83,83,83,83,83,83,83],"card_choices":[{"not_picked":["BowlingBash","ReachHeaven","InnerPeace"],"picked":"SKIP","floor":1.0},{"not_picked":["SignatureMove","BowlingBash"],"picked":"PathToVictory","floor":11.0},{"not_picked":["SashWhip","TalkToTheHand"],"picked":"JustLucky","floor":12.0},{"not_picked":["Evaluate","Consecrate","JustLucky"],"picked":"SKIP","floor":13.0},{"not_picked":["Devotion","Judgement"],"picked":"Omniscience","floor":16.0},{"not_picked":["Prostrate","CrushJoints"],"picked":"Sanctity+1","floor":18.0},{"not_picked":["Tantrum","Weave+1","Pray+1"],"picked":"SKIP","floor":19.0},{"not_picked":["Collect+1","EmptyBody+1","ForeignInfluence"],"picked":"SKIP","floor":23.0},{"not_picked":["Crescendo+1","Nirvana","ThirdEye"],"picked":"SKIP","floor":25.0},{"not_picked":["Establishment","Omniscience"],"picked":"DeceiveReality+1","floor":28.0},{"not_picked":["CutThroughFate+1","InnerPeace","FlurryOfBlows"],"picked":"SKIP","floor":31.0},{"not_picked":["Vengeance+1","Consecrate+1","Meditate+1"],"picked":"SKIP","floor":35.0},{"not_picked":["Indignation+1","InnerPeace+1","LikeWater"],"picked":"SKIP","floor":36.0},{"not_picked":["CutThroughFate","Conclude","Weave"],"picked":"SKIP","floor":38.0},{"not_picked":["Sanctity","EmptyMind","Halt"],"picked":"SKIP","floor":40.0},{"not_picked":["Fasting2+1","ClearTheMind+1","Nirvana+1"],"picked":"SKIP","floor":42},{"not_picked":["InnerPeace","Protect+1","ThirdEye"],"picked":"SKIP","floor":44},{"not_picked":["Worship+1","LessonLearned"],"picked":"WaveOfTheHand","floor":48}],"player_experience":302706,"relics_obtained":[{"floor":9.0,"key":"Regal Pillow"},{"floor":13.0,"key":"MealTicket"},{"floor":17.0,"key":"Smiling Mask"},{"floor":17.0,"key":"HornCleat"},{"floor":17.0,"key":"Peace Pipe"},{"floor":23.0,"key":"Anchor"},{"floor":25.0,"key":"Pantograph"},{"floor":26.0,"key":"Blue Candle"},{"floor":28.0,"key":"Du-Vu Doll"},{"floor":40.0,"key":"TeardropLocket"},{"floor":43,"key":"Potion Belt"}],"event_choices":[{"damage_healed":0.0,"max_hp_gain":0.0,"max_hp_loss":0.0,"gold_gain":0.0,"event_name":"Scrap Ooze","player_choice":"Success","floor":2.0,"gold_loss":0.0,"damage_taken":3.0,"relics_obtained":["Darkstone Periapt"]},{"damage_healed":0.0,"max_hp_gain":0.0,"max_hp_loss":0.0,"gold_gain":0.0,"cards_transformed":["Strike_P"],"event_name":"Living Wall","player_choice":"Change","floor":3.0,"gold_loss":0.0,"damage_taken":0.0,"cards_obtained":["TalkToTheHand"]},{"damage_healed":18.0,"max_hp_gain":0.0,"max_hp_loss":0.0,"gold_gain":0.0,"event_name":"The Cleric","player_choice":"Healed","floor":5.0,"gold_loss":35.0,"damage_taken":0.0},{"damage_healed":0.0,"max_hp_gain":0.0,"max_hp_loss":0.0,"gold_gain":0.0,"event_name":"WeMeetAgain","player_choice":"Ignored","floor":7.0,"gold_loss":0.0,"damage_taken":0.0},{"damage_healed":0.0,"max_hp_gain":0.0,"max_hp_loss":0.0,"gold_gain":0.0,"event_name":"Ghosts","player_choice":"Ignored","floor":21.0,"gold_loss":0.0,"damage_taken":0.0},{"cards_removed":["Strike_P"],"damage_healed":0.0,"max_hp_gain":0.0,"max_hp_loss":0.0,"gold_gain":0.0,"event_name":"Back to Basics","player_choice":"Elegance","floor":22.0,"gold_loss":0.0,"damage_taken":0.0},{"damage_healed":0.0,"max_hp_gain":0.0,"max_hp_loss":0.0,"gold_gain":0.0,"event_name":"Vampires","player_choice":"Ignored","floor":27.0,"gold_loss":0.0,"damage_taken":0.0},{"damage_healed":0.0,"max_hp_gain":0.0,"max_hp_loss":0.0,"gold_gain":0.0,"event_name":"Cursed Tome","player_choice":"Ignored","floor":30.0,"gold_loss":0.0,"damage_taken":0.0},{"damage_healed":0,"gold_gain":0,"player_choice":"Upgrade","damage_taken":0,"relics_obtained":["Mark of the Bloom"],"max_hp_gain":0,"max_hp_loss":0,"event_name":"MindBloom","floor":45,"gold_loss":0,"cards_upgraded":["PathToVictory"]}],"is_beta":false,"boss_relics":[{"not_picked":["Busted Crown","Coffee Dripper"],"picked":"Calling Bell"},{"not_picked":["SlaversCollar","Fusion Hammer"],"picked":"Astrolabe"}],"items_purged_floors":[4,14,20,29,37,39,47],"is_endless":false,"potions_floor_spawned":[11,23,25,28,33,36,38,40,48],"killed_by":"Donu and Deca","ascension_level":9}