{"gold_per_floor":[119,119,294,304,319,319,319,345,368,368,379,160,192,192,192,192],"floor_reached":16,"playtime":499,"items_purged":["Doubt"],"score":157,"play_id":"d667f793-4171-41a2-8551-2f69b86e90bc","local_time":"20200223143002","is_ascension_mode":true,"campfire_choices":[{"data":"Eruption","floor":6.0,"key":"SMITH"},{"floor":10,"key":"REST"},{"data":"Indignation","floor":15,"key":"SMITH"}],"neow_cost":"NONE","seed_source_timestamp":5117760231800,"circlet_count":0,"master_deck":["Strike_P","Strike_P","Strike_P","Strike_P+1","Defend_P","Defend_P","Defend_P","Defend_P","Eruption+1","Vigilance","Adaptation","MentalFortress","Consecrate+1","Blasphemy","Indignation+1","Wireheading"],"special_seed":0,"relics":["PureWater","Strawberry","Oddly Smooth Stone","Lantern","Centennial Puzzle","Whetstone","Sundial"],"potions_floor_usage":[8,11,13],"damage_taken":[{"damage":0.0,"enemies":"2 Louse","floor":1.0,"turns":2.0},{"damage":2.0,"enemies":"Cultist","floor":4.0,"turns":4.0},{"damage":6.0,"enemies":"Small Slimes","floor":5.0,"turns":4.0},{"damage":38,"enemies":"3 Sentries","floor":8,"turns":11},{"damage":0,"enemies":"3 Louse","floor":11,"turns":2},{"damage":8,"enemies":"Lagavulin","floor":13,"turns":5},{"damage":100026,"enemies":"Hexaghost","floor":16,"turns":8}],"seed_played":"-7224729061404756208","potions_obtained":[{"floor":5.0,"key":"Energy Potion"},{"floor":7.0,"key":"SmokeBomb"},{"floor":7.0,"key":"BottledMiracle"},{"floor":7.0,"key":"EssenceOfSteel"},{"floor":8,"key":"AttackPotion"}],"is_trial":false,"path_per_floor":["M","?","?","M","M","R","?","E","T","R","M","$","E","?","R","B"],"character_chosen":"WATCHER","items_purchased":["Whetstone"],"campfire_rested":1,"item_purchase_floors":[12],"current_hp_per_floor":[72,69,69,67,61,61,61,23,23,46,46,46,38,43,43,0],"gold":192,"neow_bonus":"RANDOM_COMMON_RELIC","is_prod":false,"is_daily":false,"chose_seed":false,"campfire_upgraded":2,"win_rate":0,"timestamp":1582450202,"path_taken":["M","?","?","M","M","R","?","E","T","R","?","$","E","?","R","BOSS"],"build_version":"2020-01-14","purchased_purges":1,"victory":false,"max_hp_per_floor":[79,79,79,79,79,79,79,79,79,79,79,79,79,84,84,84],"card_choices":[{"not_picked":["FollowUp","Indignation"],"picked":"Adaptation","floor":1.0},{"not_picked":["FlurryOfBlows","FollowUp"],"picked":"MentalFortress","floor":4.0},{"not_picked":["PathToVictory","FlyingSleeves"],"picked":"Consecrate","floor":5.0},{"not_picked":["Protect","PathToVictory"],"picked":"Blasphemy","floor":8},{"not_picked":["FlyingSleeves","JustLucky"],"picked":"Indignation","floor":11},{"not_picked":["Sanctity","DeceiveReality"],"picked":"Wireheading","floor":13}],"player_experience":306078,"relics_obtained":[{"floor":8,"key":"Lantern"},{"floor":9,"key":"Centennial Puzzle"},{"floor":13,"key":"Sundial"}],"event_choices":[{"damage_healed":0.0,"max_hp_gain":0.0,"max_hp_loss":0.0,"gold_gain":0.0,"event_name":"Scrap Ooze","player_choice":"Success","floor":2.0,"gold_loss":0.0,"damage_taken":3.0,"relics_obtained":["Oddly Smooth Stone"]},{"damage_healed":0.0,"max_hp_gain":0.0,"max_hp_loss":0.0,"gold_gain":175.0,"event_name":"Liars Game","player_choice":"AGREE","floor":3.0,"gold_loss":0.0,"damage_taken":0.0,"cards_obtained":["Doubt"]},{"damage_healed":0.0,"max_hp_gain":0.0,"max_hp_loss":0.0,"gold_gain":0.0,"event_name":"Lab","player_choice":"Got Potions","floor":7.0,"gold_loss":0.0,"damage_taken":0.0},{"damage_healed":0,"gold_gain":0,"player_choice":"Donut","damage_taken":0,"max_hp_gain":5,"max_hp_loss":0,"event_name":"Big Fish","floor":14,"gold_loss":0}],"is_beta":false,"boss_relics":[],"items_purged_floors":[12],"is_endless":false,"potions_floor_spawned":[5,8],"killed_by":"Hexaghost","ascension_level":9}