{"gold_per_floor":[111,286,286,286,23,23,61,61,87,111,111,145,145,165,165,291,291,311,311,9,9,34,34,65,90,90,23,43,43,43,57,57,178,178,201,215,278,278,291,331,88,113,113,113,28,28,71,89,89,89],"floor_reached":51,"playtime":1592,"items_purged":["Swivel","Defend_P+1","Strike_P+1"],"score":1107,"play_id":"1d3ef63b-b274-4816-a33f-82c22f2325fa","local_time":"20200224031453","is_ascension_mode":true,"campfire_choices":[{"data":"Eruption","floor":6,"key":"SMITH"},{"data":"Halt","floor":8,"key":"SMITH"},{"floor":11,"key":"REST"},{"data":"WheelKick","floor":15,"key":"SMITH"},{"floor":23,"key":"REST"},{"floor":29,"key":"REST"},{"data":"Halt","floor":32,"key":"SMITH"},{"floor":44,"key":"REST"},{"data":"WheelKick","floor":49,"key":"SMITH"}],"neow_cost":"PERCENT_DAMAGE","seed_source_timestamp":1979039009600,"circlet_count":0,"master_deck":["Strike_P+1","Strike_P+1","Strike_P+1","Defend_P+1","Defend_P+1","Defend_P+1","Eruption+1","Vigilance","WheelKick+1","Halt+1","Halt+1","Crescendo+1","Collect+1","Indignation+1","SpiritShield+1","Halt+1","ClearTheMind+1","Crescendo+1","Adaptation","WheelKick+1"],"relics":["HolyWater","Calipers","Golden Idol","PreservedInsect","Omamori","Vajra","Smiling Mask","Bag of Preparation","Calling Bell","Toy Ornithopter","Letter Opener","Pocketwatch","Necronomicon","Membership Card","Ginger","Toxic Egg 2","Darkstone Periapt","TungstenRod","Dream Catcher","Strawberry","Sundial","Lizard Tail","Ornamental Fan","Boot"],"potions_floor_usage":[22,24,25,47,50,50],"damage_taken":[{"damage":2,"enemies":"Jaw Worm","floor":1,"turns":3},{"damage":17,"enemies":"Lagavulin","floor":7,"turns":5},{"damage":13,"enemies":"Gremlin Nob","floor":12,"turns":3},{"damage":0,"enemies":"Small Slimes","floor":14,"turns":2},{"damage":22,"enemies":"The Guardian","floor":16,"turns":14},{"damage":22,"enemies":"2 Thieves","floor":18,"turns":3},{"damage":0,"enemies":"Shell Parasite","floor":22,"turns":3},{"damage":0,"enemies":"Gremlin Leader","floor":24,"turns":1},{"damage":14,"enemies":"Centurion and Healer","floor":25,"turns":3},{"damage":4,"enemies":"Chosen and Byrds","floor":28,"turns":3},{"damage":5,"enemies":"Shelled Parasite and Fungi","floor":31,"turns":3},{"damage":1,"enemies":"Champ","floor":33,"turns":6},{"damage":0,"enemies":"3 Darklings","floor":35,"turns":3},{"damage":0,"enemies":"Orb Walker","floor":36,"turns":2},{"damage":0,"enemies":"Mind Bloom Boss Battle","floor":37,"turns":2},{"damage":9,"enemies":"Writhing Mass","floor":39,"turns":5},{"damage":7,"enemies":"Nemesis","floor":40,"turns":5},{"damage":33,"enemies":"Maw","floor":42,"turns":7},{"damage":0,"enemies":"Reptomancer","floor":47,"turns":5},{"damage":0,"enemies":"4 Shapes","floor":48,"turns":4},{"damage":7,"enemies":"Time Eater","floor":50,"turns":5}],"seed_played":"1959118517543783746","potions_obtained":[{"floor":12,"key":"FearPotion"},{"floor":14,"key":"SpeedPotion"},{"floor":18,"key":"BottledMiracle"},{"floor":22,"key":"AttackPotion"},{"floor":31,"key":"DuplicationPotion"},{"floor":33,"key":"LiquidMemories"},{"floor":35,"key":"FairyPotion"},{"floor":48,"key":"Ambrosia"}],"is_trial":false,"path_per_floor":["M","?","?","?","$","R","E","R","T","T","R","E","?","M","R","B",null,"M","?","$","?","M","R","E","M","T","$","M","R","?","M","R","B",null,"M","M","?","?","M","E","$","M","T","R","$","?","E","M","R","B",null],"character_chosen":"WATCHER","items_purchased":["PreservedInsect","WheelKick","MentalFortress","Membership Card","Ginger","Collect+1","Strawberry","Sundial","WheelKick"],"campfire_rested":4,"item_purchase_floors":[5,5,5,20,20,27,41,41,45],"current_hp_per_floor":[45,45,45,45,45,45,28,28,28,28,48,35,35,35,35,13,54,32,16,16,16,21,41,46,37,37,37,33,53,53,48,48,47,62,62,62,62,67,58,51,58,25,25,47,47,47,52,52,52,55],"gold":89,"neow_bonus":"ONE_RARE_RELIC","is_prod":false,"is_daily":false,"chose_seed":false,"campfire_upgraded":5,"win_rate":0,"timestamp":1582496093,"path_taken":["M","?","?","?","$","R","E","R","T","?","R","E","?","M","R","BOSS","M","?","$","?","M","R","E","M","T","$","?","R","?","M","R","BOSS","M","M","?","?","?","E","?","M","T","R","$","?","E","M","R","BOSS"],"build_version":"2020-01-14","purchased_purges":3,"victory":true,"max_hp_per_floor":[72,72,67,67,67,67,67,67,67,67,67,67,67,67,67,67,67,67,67,67,67,67,67,67,67,67,67,67,67,67,67,67,67,67,67,67,67,67,67,67,74,74,74,74,74,74,74,74,74,74],"card_choices":[{"not_picked":["Consecrate","EmptyFist","Wireheading"],"picked":"SKIP","floor":1},{"not_picked":["CrushJoints","SashWhip"],"picked":"Halt","floor":7},{"not_picked":["Pray","ThirdEye","Evaluate"],"picked":"SKIP","floor":12},{"not_picked":["CutThroughFate","WaveOfTheHand"],"picked":"Halt","floor":14},{"not_picked":["ConjureBlade","Brilliance"],"picked":"DevaForm","floor":16},{"not_picked":["DeceiveReality+1","CutThroughFate"],"picked":"Swivel","floor":18},{"not_picked":["Pray+1","SandsOfTime","Protect"],"picked":"SKIP","floor":22},{"not_picked":["CutThroughFate","WaveOfTheHand+1","Nirvana"],"picked":"SKIP","floor":24},{"not_picked":["Tantrum+1","WindmillStrike"],"picked":"Crescendo+1","floor":25},{"not_picked":["Crescendo+1","Perseverance+1"],"picked":"Indignation+1","floor":28},{"not_picked":["Meditate+1","TalkToTheHand","WaveOfTheHand+1"],"picked":"SKIP","floor":31},{"not_picked":["Establishment","Alpha+1"],"picked":"SpiritShield+1","floor":33},{"not_picked":["CutThroughFate","BowlingBash","Evaluate+1"],"picked":"SKIP","floor":35},{"not_picked":["CutThroughFate","CarveReality"],"picked":"Halt+1","floor":36},{"not_picked":["FollowUp+1","FlurryOfBlows"],"picked":"ClearTheMind+1","floor":39},{"not_picked":["Evaluate+1","SashWhip+1"],"picked":"Crescendo+1","floor":40},{"not_picked":["Protect+1","SpiritShield+1"],"picked":"Adaptation","floor":42},{"not_picked":["SandsOfTime+1","MentalFortress+1","FlurryOfBlows"],"picked":"SKIP","floor":47},{"not_picked":["Prostrate+1","JustLucky+1","CrushJoints"],"picked":"SKIP","floor":48}],"player_experience":307864,"relics_obtained":[{"floor":7,"key":"Omamori"},{"floor":9,"key":"Vajra"},{"floor":10,"key":"Smiling Mask"},{"floor":12,"key":"Bag of Preparation"},{"floor":17,"key":"Toy Ornithopter"},{"floor":17,"key":"Letter Opener"},{"floor":17,"key":"Pocketwatch"},{"floor":19,"key":"Necronomicon"},{"floor":24,"key":"Toxic Egg 2"},{"floor":26,"key":"Darkstone Periapt"},{"floor":37,"key":"TungstenRod"},{"floor":40,"key":"Dream Catcher"},{"floor":43,"key":"Lizard Tail"},{"floor":46,"key":"Ornamental Fan"},{"floor":47,"key":"Boot"}],"event_choices":[{"damage_healed":0,"gold_gain":175,"player_choice":"AGREE","damage_taken":0,"max_hp_gain":0,"max_hp_loss":0,"event_name":"Liars Game","floor":2,"gold_loss":0,"cards_obtained":["Doubt"]},{"damage_healed":0,"gold_gain":0,"player_choice":"Lose Max HP","damage_taken":0,"relics_obtained":["Golden Idol"],"max_hp_gain":0,"max_hp_loss":5,"event_name":"Golden Idol","floor":3,"gold_loss":0},{"cards_removed":["Doubt"],"damage_healed":0,"gold_gain":0,"player_choice":"Forget","damage_taken":0,"max_hp_gain":0,"max_hp_loss":0,"event_name":"Living Wall","floor":4,"gold_loss":0},{"damage_healed":0,"gold_gain":0,"player_choice":"Bought 0 Potions","damage_taken":0,"max_hp_gain":0,"max_hp_loss":0,"event_name":"The Woman in Blue","floor":13,"gold_loss":0},{"damage_healed":0,"gold_gain":0,"player_choice":"Obtained Book","damage_taken":16,"max_hp_gain":0,"max_hp_loss":0,"event_name":"Cursed Tome","floor":19,"gold_loss":0},{"damage_healed":0,"gold_gain":0,"player_choice":"Simplicity","damage_taken":0,"max_hp_gain":0,"max_hp_loss":0,"event_name":"Back to Basics","floor":21,"gold_loss":0,"cards_upgraded":["Strike_P","Strike_P","Strike_P","Strike_P","Defend_P","Defend_P","Defend_P","Defend_P"]},{"cards_removed":["DevaForm"],"damage_healed":0,"gold_gain":0,"player_choice":"Purged","damage_taken":0,"max_hp_gain":0,"max_hp_loss":0,"event_name":"Purifier","floor":30,"gold_loss":0},{"damage_healed":0,"gold_gain":0,"player_choice":"Fight","damage_taken":0,"max_hp_gain":0,"max_hp_loss":0,"event_name":"MindBloom","floor":37,"gold_loss":0},{"cards_removed":["MentalFortress"],"damage_healed":5,"gold_gain":0,"player_choice":"Offered Uncommon","damage_taken":0,"max_hp_gain":0,"max_hp_loss":0,"event_name":"Bonfire Elementals","floor":38,"gold_loss":0},{"damage_healed":0,"gold_gain":0,"player_choice":"Relic","damage_taken":0,"max_hp_gain":0,"max_hp_loss":0,"event_name":"Wheel of Change","floor":46,"gold_loss":0}],"is_beta":false,"boss_relics":[{"not_picked":["Coffee Dripper","Cursed Key"],"picked":"Calling Bell"},{"not_picked":["SlaversCollar","Astrolabe"],"picked":"HolyWater"}],"items_purged_floors":[27,41,45],"is_endless":false,"potions_floor_spawned":[12,14,18,22,31,33,35,42,48],"ascension_level":9}