{"gold_per_floor":[117,117,117,127,142,173,173,201,201,229,239,10,36,55,55,153,153,169,184,184,84,101,101,136,136,183,183,183,183,201,219,219,323,323,339,357,232,248,259,259,0,0,24,24,24,34,34,34],"floor_reached":48,"playtime":1867,"items_purged":["Strike_P","Crescendo+1","Consecrate"],"score":776,"play_id":"815a8806-d8f8-4273-969e-169795b37715","local_time":"20200222232803","is_ascension_mode":true,"campfire_choices":[{"data":"BattleHymn","floor":7.0,"key":"SMITH"},{"data":"Crescendo","floor":15,"key":"SMITH"},{"data":"Ragnarok","floor":23,"key":"SMITH"},{"data":"Vigilance","floor":25,"key":"SMITH"},{"data":"Protect","floor":29,"key":"SMITH"},{"data":"SpiritShield","floor":32,"key":"SMITH"},{"floor":45,"key":"DIG"},{"data":"SpiritShield","floor":47,"key":"SMITH"}],"neow_cost":"NONE","seed_source_timestamp":12685899443500,"circlet_count":0,"master_deck":["Strike_P+1","Strike_P+1","Defend_P","Defend_P","Eruption","Vigilance+1","BattleHymn+1","Collect","Protect+1","DeusExMachina","DeceiveReality","Ragnarok+1","Vault","ReachHeaven+1","SpiritShield+1","SpiritShield","CurseOfTheBell","Vault","ClearTheMind","SpiritShield+1"],"special_seed":0,"relics":["NeowsBlessing","HornCleat","Sundial","StrikeDummy","Pantograph","Lee\u0027s Waffle","Bird Faced Urn","Snecko Eye","Nloth\u0027s Gift","Blood Vial","Whetstone","Calling Bell","Juzu Bracelet","Molten Egg 2","Shovel","Red Mask","PreservedInsect","Mercury Hourglass"],"potions_floor_usage":[10,13,24,24,24,24,33,39,40,40,46],"damage_taken":[{"damage":0.0,"enemies":"2 Louse","floor":1.0,"turns":1.0},{"damage":0.0,"enemies":"Cultist","floor":4.0,"turns":1.0},{"damage":0.0,"enemies":"Jaw Worm","floor":5.0,"turns":1.0},{"damage":12.0,"enemies":"Lagavulin","floor":6.0,"turns":5.0},{"damage":13,"enemies":"Gremlin Nob","floor":8,"turns":4},{"damage":16,"enemies":"3 Sentries","floor":10,"turns":7},{"damage":0,"enemies":"Large Slime","floor":11,"turns":3},{"damage":3,"enemies":"Lagavulin","floor":13,"turns":5},{"damage":1,"enemies":"Exordium Wildlife","floor":14,"turns":4},{"damage":9,"enemies":"Slime Boss","floor":16,"turns":6},{"damage":13,"enemies":"Shell Parasite","floor":18,"turns":7},{"damage":0,"enemies":"Spheric Guardian","floor":19,"turns":3},{"damage":0,"enemies":"Cultist and Chosen","floor":22,"turns":4},{"damage":0,"enemies":"Slavers","floor":24,"turns":1},{"damage":0,"enemies":"Snecko","floor":30,"turns":5},{"damage":0,"enemies":"Snake Plant","floor":31,"turns":5},{"damage":4,"enemies":"Automaton","floor":33,"turns":6},{"damage":0,"enemies":"3 Darklings","floor":35,"turns":3},{"damage":0,"enemies":"3 Shapes","floor":36,"turns":4},{"damage":0,"enemies":"3 Darklings","floor":38,"turns":5},{"damage":0,"enemies":"4 Shapes","floor":39,"turns":4},{"damage":17,"enemies":"Giant Head","floor":40,"turns":9},{"damage":31,"enemies":"Transient","floor":46,"turns":6},{"damage":55,"enemies":"Writhing Mass","floor":48,"turns":8}],"seed_played":"6995095995306085336","potions_obtained":[{"floor":4.0,"key":"Explosive Potion"},{"floor":8,"key":"Swift Potion"},{"floor":13,"key":"SteroidPotion"},{"floor":14,"key":"EntropicBrew"},{"floor":16,"key":"PowerPotion"},{"floor":19,"key":"GamblersBrew"},{"floor":31,"key":"Block Potion"},{"floor":35,"key":"Explosive Potion"},{"floor":36,"key":"Energy Potion"},{"floor":39,"key":"SmokeBomb"},{"floor":46,"key":"Dexterity Potion"}],"is_trial":false,"path_per_floor":["M","$","?","M","M","E","R","E","T","E","M","$","E","M","R","B",null,"M","M","?","$","M","R","E","R","T","?","?","R","M","M","R","B",null,"M","M","$","M","M","E","?","?","T","$","R","M","R","M"],"character_chosen":"WATCHER","items_purchased":["Lee\u0027s Waffle"],"campfire_rested":0,"item_purchase_floors":[12],"current_hp_per_floor":[65,65,65,65,65,53,53,40,40,24,24,79,76,77,77,70,77,66,68,68,68,70,70,70,70,70,70,55,55,59,63,63,80,83,84,84,84,84,84,69,69,69,69,69,69,40,40,0],"gold":34,"neow_bonus":"THREE_ENEMY_KILL","is_prod":false,"is_daily":false,"chose_seed":false,"campfire_upgraded":7,"win_rate":0,"timestamp":1582396083,"path_taken":["M","$","?","M","?","E","R","E","T","E","M","?","E","M","R","BOSS","M","M","?","$","?","R","E","R","T","?","?","R","M","M","R","BOSS","M","M","$","M","M","E","?","?","T","$","R","M","R","M"],"build_version":"2020-01-14","purchased_purges":3,"victory":false,"max_hp_per_floor":[72,72,72,72,72,72,72,72,72,72,72,79,79,79,79,79,79,79,79,79,79,79,79,79,79,79,79,84,84,84,84,84,84,84,84,84,84,84,84,84,84,80,80,80,80,80,80,80],"card_choices":[{"not_picked":["CrushJoints","Protect"],"picked":"BattleHymn","floor":1.0},{"not_picked":["Wallop","JustLucky"],"picked":"Collect","floor":4.0},{"not_picked":["Prostrate","Halt"],"picked":"Protect","floor":5.0},{"not_picked":["WheelKick","WreathOfFlame"],"picked":"DeusExMachina","floor":6.0},{"not_picked":["Alpha","Fasting2","ThirdEye"],"picked":"SKIP","floor":8},{"not_picked":["SashWhip","JustLucky","Crescendo"],"picked":"SKIP","floor":10},{"not_picked":["SashWhip","JustLucky"],"picked":"Crescendo","floor":10},{"not_picked":["CutThroughFate","CarveReality","Conclude"],"picked":"SKIP","floor":11},{"not_picked":["JustLucky","FlyingSleeves"],"picked":"DeceiveReality","floor":13},{"not_picked":["FlyingSleeves","Halt","EmptyMind"],"picked":"SKIP","floor":14},{"not_picked":["Wish","DeusExMachina"],"picked":"Ragnarok","floor":16},{"not_picked":["Crescendo","PathToVictory","Halt"],"picked":"SKIP","floor":18},{"not_picked":["Fasting2+1","BowlingBash+1","Crescendo"],"picked":"SKIP","floor":19},{"not_picked":["BowlingBash","Prostrate","ThirdEye+1"],"picked":"SKIP","floor":22},{"not_picked":["BowlingBash","Prostrate","ThirdEye+1"],"picked":"SKIP","floor":22},{"not_picked":["WindmillStrike","Conclude","MentalFortress"],"picked":"SKIP","floor":24},{"not_picked":["FlurryOfBlows","Tantrum+1"],"picked":"ReachHeaven+1","floor":30},{"not_picked":["ReachHeaven","PathToVictory+1"],"picked":"SpiritShield","floor":31},{"not_picked":["Omniscience","LessonLearned"],"picked":"SpiritShield","floor":33},{"not_picked":["CutThroughFate+1","FlyingSleeves+1","FearNoEvil+1"],"picked":"SKIP","floor":35},{"not_picked":["Adaptation+1","CutThroughFate+1"],"picked":"Vault","floor":36},{"not_picked":["Halt+1","BowlingBash+1"],"picked":"ClearTheMind","floor":38},{"not_picked":["ClearTheMind","InnerPeace+1","SashWhip+1"],"picked":"SKIP","floor":39},{"not_picked":["JustLucky+1","Crescendo"],"picked":"SpiritShield","floor":46}],"player_experience":304211,"relics_obtained":[{"floor":6.0,"key":"HornCleat"},{"floor":8,"key":"Sundial"},{"floor":9,"key":"StrikeDummy"},{"floor":10,"key":"Pantograph"},{"floor":13,"key":"Bird Faced Urn"},{"floor":24,"key":"Blood Vial"},{"floor":26,"key":"Whetstone"},{"floor":34,"key":"Juzu Bracelet"},{"floor":34,"key":"Molten Egg 2"},{"floor":34,"key":"Shovel"},{"floor":43,"key":"PreservedInsect"},{"floor":45,"key":"Mercury Hourglass"}],"event_choices":[{"cards_removed":["Strike_P"],"damage_healed":0.0,"max_hp_gain":0.0,"max_hp_loss":0.0,"gold_gain":0.0,"event_name":"Purifier","player_choice":"Purged","floor":3.0,"gold_loss":0.0,"damage_taken":0.0},{"damage_healed":0,"gold_gain":0,"player_choice":"Traded Relic","damage_taken":0,"relics_obtained":["Nloth\u0027s Gift"],"max_hp_gain":0,"max_hp_loss":0,"event_name":"N\u0027loth","floor":20,"relics_lost":["PureWater"],"gold_loss":0},{"damage_healed":0,"gold_gain":0,"cards_transformed":["Defend_P","Defend_P"],"player_choice":"Became Test Subject","damage_taken":0,"max_hp_gain":0,"max_hp_loss":0,"event_name":"Drug Dealer","floor":27,"gold_loss":0,"cards_obtained":["Consecrate","Vault"]},{"damage_healed":0,"gold_gain":0,"player_choice":"Shed Blood","damage_taken":20,"max_hp_gain":5,"max_hp_loss":0,"event_name":"Forgotten Altar","floor":28,"gold_loss":0},{"damage_healed":0,"gold_gain":0,"player_choice":"Paid","damage_taken":0,"relics_obtained":["Red Mask"],"max_hp_gain":0,"max_hp_loss":0,"event_name":"Tomb of Lord Red Mask","floor":41,"gold_loss":259},{"damage_healed":0,"gold_gain":0,"player_choice":"Max HP","damage_taken":0,"max_hp_gain":0,"max_hp_loss":4,"event_name":"Winding Halls","floor":42,"gold_loss":0}],"is_beta":false,"boss_relics":[{"not_picked":["Ectoplasm","SlaversCollar"],"picked":"Snecko Eye"},{"not_picked":["Philosopher\u0027s Stone","SacredBark"],"picked":"Calling Bell"}],"items_purged_floors":[12,21,37],"is_endless":false,"potions_floor_spawned":[4,8,13,14,16,19,22,31,35,36,39,46],"killed_by":"Writhing Mass","ascension_level":9}