{"gold_per_floor":[109,129,140,140,64,64,81,92,92,66,66,78,106,381,381,381],"floor_reached":16,"playtime":500,"items_purged":[],"score":153,"play_id":"515bf6d0-2997-4879-a482-fa529af9b0ac","local_time":"20200302205326","is_ascension_mode":true,"campfire_choices":[{"data":"ClearTheMind","floor":6,"key":"SMITH"},{"floor":11,"key":"REST"},{"floor":15,"key":"REST"}],"neow_cost":"NONE","seed_source_timestamp":0,"circlet_count":0,"master_deck":["AscendersBane","Strike_P","Strike_P","Strike_P","Strike_P","Defend_P","Defend_P","Defend_P","Defend_P+1","Eruption+1","Vigilance","Adaptation","ClearTheMind+1","WheelKick","SashWhip","Halt","FearNoEvil","EmptyBody","Swivel","Regret"],"special_seed":0,"relics":["PureWater","MawBank","Centennial Puzzle"],"potions_floor_usage":[12,12,16],"damage_taken":[{"damage":0.0,"enemies":"Jaw Worm","floor":1.0,"turns":3.0},{"damage":2.0,"enemies":"2 Louse","floor":2.0,"turns":4.0},{"damage":2.0,"enemies":"Cultist","floor":3.0,"turns":4.0},{"damage":0,"enemies":"2 Fungi Beasts","floor":7,"turns":4},{"damage":30,"enemies":"Exordium Thugs","floor":8,"turns":5},{"damage":7,"enemies":"Large Slime","floor":12,"turns":5},{"damage":24,"enemies":"Lagavulin","floor":13,"turns":5},{"damage":32,"enemies":"The Guardian","floor":16,"turns":6}],"seed_played":"-1428921474122492023","potions_obtained":[{"floor":7,"key":"LiquidMemories"},{"floor":8,"key":"Swift Potion"},{"floor":13,"key":"PowerPotion"}],"is_trial":false,"path_per_floor":["M","M","M","?","$","R","M","M","T","$","R","M","E","?","R","B"],"character_chosen":"WATCHER","items_purchased":["WheelKick","FearNoEvil"],"campfire_rested":2,"item_purchase_floors":[5,10],"current_hp_per_floor":[72,70,68,52,52,52,52,22,22,22,45,38,14,14,37,5],"gold":381,"neow_bonus":"TEN_PERCENT_HP_BONUS","is_prod":false,"is_daily":false,"chose_seed":false,"campfire_upgraded":1,"win_rate":0,"timestamp":1583164406,"path_taken":["M","M","M","?","$","R","M","M","T","$","R","M","E","?","R","BOSS"],"build_version":"2020-01-14","purchased_purges":0,"victory":false,"max_hp_per_floor":[79,79,79,79,79,79,79,79,79,79,79,79,79,79,79,79],"card_choices":[{"not_picked":["Consecrate","FlyingSleeves"],"picked":"Adaptation","floor":1.0},{"not_picked":["Protect","Weave","ThirdEye"],"picked":"SKIP","floor":2.0},{"not_picked":["Protect","Blasphemy"],"picked":"ClearTheMind","floor":3.0},{"not_picked":["FlyingSleeves","Vengeance"],"picked":"SashWhip","floor":7},{"not_picked":["Prostrate","PathToVictory"],"picked":"Halt","floor":8},{"not_picked":["EmptyMind","ThirdEye"],"picked":"EmptyBody","floor":12},{"not_picked":["CarveReality","FlurryOfBlows"],"picked":"Swivel","floor":13}],"player_experience":313086,"relics_obtained":[{"floor":9,"key":"MawBank"},{"floor":13,"key":"Centennial Puzzle"}],"event_choices":[{"damage_healed":0.0,"max_hp_gain":0.0,"max_hp_loss":0.0,"gold_gain":0.0,"event_name":"Shining Light","player_choice":"Entered Light","floor":4.0,"gold_loss":0.0,"damage_taken":16.0,"cards_upgraded":["Defend_P","Eruption"]},{"damage_healed":0,"gold_gain":275,"player_choice":"Desecrate","damage_taken":0,"max_hp_gain":0,"max_hp_loss":0,"event_name":"Golden Shrine","floor":14,"gold_loss":0,"cards_obtained":["Regret"]}],"is_beta":false,"boss_relics":[],"items_purged_floors":[],"is_endless":false,"potions_floor_spawned":[7,8,13],"killed_by":"The Guardian","ascension_level":10}