{"gold_per_floor":[368,368,385,402,413,413,427,427,427,427,55,55,55,106,106,204,204,221,235,235,247,261,261,261,261,314,314,327,227,142,200,200,304,304,331,331,348,348],"floor_reached":38,"playtime":1374,"items_purged":["Strike_P","Normality"],"score":603,"play_id":"b564877d-18d8-4633-989a-85567193563d","local_time":"20200320170023","is_ascension_mode":true,"campfire_choices":[{"data":"Eruption","floor":6.0,"key":"SMITH"},{"data":"SignatureMove","floor":8.0,"key":"SMITH"},{"data":"ThirdEye","floor":10.0,"key":"SMITH"},{"data":"Vigilance","floor":13.0,"key":"SMITH"},{"data":"EmptyBody","floor":15.0,"key":"SMITH"},{"data":"SpiritShield","floor":23.0,"key":"SMITH"},{"data":"Indignation","floor":25.0,"key":"SMITH"},{"data":"Wireheading","floor":27.0,"key":"SMITH"},{"data":"Wireheading","floor":32.0,"key":"SMITH"}],"neow_cost":"PERCENT_DAMAGE","seed_source_timestamp":22322619317800,"circlet_count":0,"master_deck":["AscendersBane","Defend_P+1","Defend_P+1","Defend_P+1","Defend_P+1","Eruption+1","Vigilance+1","Wireheading+1","SignatureMove+1","EmptyBody+1","ThirdEye+1","Wireheading+1","SpiritShield+1","Indignation+1","Crescendo","InnerPeace","Writhe","DeusExMachina","Evaluate"],"special_seed":0,"relics":["PureWater","Bronze Scales","Melange","Strawberry","Lantern","Cursed Key","Art of War","CeramicFish","MealTicket","Sozu"],"potions_floor_usage":[37],"damage_taken":[{"damage":7.0,"enemies":"Jaw Worm","floor":1.0,"turns":4.0},{"damage":0.0,"enemies":"Cultist","floor":3.0,"turns":2.0},{"damage":0.0,"enemies":"Small Slimes","floor":4.0,"turns":3.0},{"damage":6.0,"enemies":"Exordium Wildlife","floor":5.0,"turns":3.0},{"damage":1.0,"enemies":"Blue Slaver","floor":7.0,"turns":5.0},{"damage":2.0,"enemies":"Hexaghost","floor":16.0,"turns":9.0},{"damage":1.0,"enemies":"2 Thieves","floor":18.0,"turns":3.0},{"damage":0.0,"enemies":"Spheric Guardian","floor":19.0,"turns":3.0},{"damage":14.0,"enemies":"Centurion and Healer","floor":21.0,"turns":5.0},{"damage":0.0,"enemies":"3 Cultists","floor":22.0,"turns":5.0},{"damage":0.0,"enemies":"Shelled Parasite and Fungi","floor":28.0,"turns":4.0},{"damage":45.0,"enemies":"Automaton","floor":33.0,"turns":11.0},{"damage":59.0,"enemies":"3 Darklings","floor":35.0,"turns":11.0},{"damage":0,"enemies":"Orb Walker","floor":37,"turns":2},{"damage":68,"enemies":"Transient","floor":38,"turns":2}],"seed_played":"2671809126182370577","potions_obtained":[{"floor":5.0,"key":"Swift Potion"},{"floor":7.0,"key":"BottledMiracle"},{"floor":21.0,"key":"Strength Potion"},{"floor":33.0,"key":"Energy Potion"}],"is_trial":false,"path_per_floor":["M","?","M","M","M","R","M","R","T","R","$","?","R","T","R","B",null,"M","M","?","M","M","R","?","R","T","R","M","$","?","T","R","B",null,"M","?","M","M"],"character_chosen":"WATCHER","items_purchased":["Melange","Strawberry"],"campfire_rested":0,"item_purchase_floors":[11,11],"current_hp_per_floor":[40,40,40,40,34,34,33,33,33,33,40,33,33,33,33,31,67,66,66,66,52,52,52,52,52,52,52,52,52,52,52,52,7,61,2,2,2,0],"gold":348,"neow_bonus":"TWO_FIFTY_GOLD","is_prod":false,"is_daily":false,"chose_seed":false,"campfire_upgraded":9,"win_rate":0,"timestamp":1584705623,"path_taken":["M","?","?","M","M","R","M","R","T","R","$","?","R","?","R","BOSS","M","M","?","M","M","R","?","R","T","R","M","$","?","?","R","BOSS","M","?","M","M"],"build_version":"2020-01-14","purchased_purges":2,"victory":false,"max_hp_per_floor":[72,72,72,72,72,72,72,72,72,72,79,79,79,79,79,79,79,79,79,79,79,79,79,79,79,79,79,79,79,79,79,79,79,79,79,79,79,79],"card_choices":[{"not_picked":["JustLucky","Prostrate"],"picked":"Wireheading","floor":1.0},{"not_picked":["MentalFortress","Wireheading"],"picked":"SignatureMove","floor":3.0},{"not_picked":["FlyingSleeves","MentalFortress"],"picked":"EmptyBody","floor":4.0},{"not_picked":["CarveReality","CrushJoints"],"picked":"ThirdEye","floor":5.0},{"not_picked":["Protect","SignatureMove"],"picked":"Wireheading","floor":7.0},{"not_picked":["Devotion","DevaForm"],"picked":"SpiritShield","floor":16.0},{"not_picked":["CrushJoints+1","FollowUp"],"picked":"Indignation","floor":18.0},{"not_picked":["ReachHeaven","Evaluate","Halt"],"picked":"SKIP","floor":19.0},{"not_picked":["Perseverance","FlurryOfBlows+1","CrushJoints"],"picked":"SKIP","floor":21.0},{"not_picked":["FlurryOfBlows","DeceiveReality","ThirdEye"],"picked":"SKIP","floor":22.0},{"not_picked":["ClearTheMind","DeceiveReality","Halt"],"picked":"SKIP","floor":28.0},{"not_picked":["MasterReality","DevaForm"],"picked":"DeusExMachina","floor":33.0},{"not_picked":["BowlingBash","WreathOfFlame"],"picked":"Evaluate","floor":35.0},{"not_picked":["SashWhip","EmptyFist","Prostrate"],"picked":"SKIP","floor":37}],"player_experience":336007,"relics_obtained":[{"floor":9.0,"key":"Bronze Scales"},{"floor":14.0,"key":"Lantern"},{"floor":26.0,"key":"Art of War"},{"floor":31.0,"key":"MealTicket"}],"event_choices":[{"damage_healed":0.0,"max_hp_gain":0.0,"max_hp_loss":0.0,"gold_gain":0.0,"event_name":"The Woman in Blue","player_choice":"Bought 0 Potions","floor":2.0,"gold_loss":0.0,"damage_taken":0.0},{"cards_removed":["Strike_P"],"damage_healed":0.0,"max_hp_gain":0.0,"max_hp_loss":0.0,"gold_gain":0.0,"event_name":"Golden Wing","player_choice":"Card Removal","floor":12.0,"gold_loss":0.0,"damage_taken":7.0},{"damage_healed":0.0,"max_hp_gain":0.0,"max_hp_loss":0.0,"gold_gain":0.0,"cards_transformed":["Strike_P","Strike_P"],"event_name":"Drug Dealer","player_choice":"Became Test Subject","floor":20.0,"gold_loss":0.0,"damage_taken":0.0,"cards_obtained":["Crescendo","InnerPeace"]},{"damage_healed":0.0,"max_hp_gain":0.0,"max_hp_loss":0.0,"gold_gain":0.0,"event_name":"Back to Basics","player_choice":"Simplicity","floor":24.0,"gold_loss":0.0,"damage_taken":0.0,"cards_upgraded":["Defend_P","Defend_P","Defend_P","Defend_P"]},{"damage_healed":0.0,"max_hp_gain":0.0,"max_hp_loss":0.0,"gold_gain":0.0,"event_name":"Addict","player_choice":"Obtained Relic","floor":30.0,"gold_loss":85.0,"damage_taken":0.0,"relics_obtained":["CeramicFish"]},{"damage_healed":0.0,"max_hp_gain":0.0,"max_hp_loss":0.0,"gold_gain":0.0,"event_name":"Tomb of Lord Red Mask","player_choice":"Ignored","floor":36.0,"gold_loss":0.0,"damage_taken":0.0}],"is_beta":false,"boss_relics":[{"not_picked":["Pandora\u0027s Box","Calling Bell"],"picked":"Cursed Key"},{"not_picked":["Runic Dome","VioletLotus"],"picked":"Sozu"}],"items_purged_floors":[11,29],"is_endless":false,"potions_floor_spawned":[5,7,21,33,35],"killed_by":"Transient","ascension_level":11}