{"gold_per_floor":[19,31,31,31,31,31,51,51,51,51,67,17,31,75,75,194,194,219,219,56,70,88,88,88,88,137,37,67,67,93,16,16,116,116,136,136,154,154,154,154,183,183,257,277,311,326,338,338,338,338,338,338,63,94,94],"floor_reached":56,"playtime":1786,"items_purged":["Defend_P","Eruption"],"score":1874,"play_id":"3f04405d-d0b4-4c87-bdfd-d07f01360b55","local_time":"20200319214235","is_ascension_mode":true,"campfire_choices":[{"data":"PathToVictory","floor":6.0,"key":"SMITH"},{"data":"PathToVictory","floor":8.0,"key":"SMITH"},{"data":"Evaluate","floor":10.0,"key":"SMITH"},{"data":"PathToVictory","floor":15.0,"key":"SMITH"},{"data":"Blind","floor":23.0,"key":"SMITH"},{"data":"SpiritShield","floor":29.0,"key":"SMITH"},{"data":"PathToVictory","floor":32.0,"key":"SMITH"},{"data":"Nirvana","floor":40.0,"key":"SMITH"},{"data":"Evaluate","floor":42.0,"key":"SMITH"},{"floor":49.0,"key":"RECALL"},{"data":"Wireheading","floor":52.0,"key":"SMITH"}],"neow_cost":"NO_GOLD","seed_source_timestamp":31939193234500,"circlet_count":0,"master_deck":["AscendersBane","Strike_P","Strike_P","Strike_P","Vigilance","PathToVictory+1","Evaluate+1","PathToVictory+1","PathToVictory+1","PathToVictory+1","SpiritShield+1","Evaluate+1","Blind+1","Wireheading+1","Nirvana+1","Doubt","Protect+1","DeceiveReality+1","DeceiveReality"],"special_seed":0,"relics":["PureWater","Bloody Idol","PreservedInsect","SlaversCollar","Nloth\u0027s Gift","Strawberry","Regal Pillow","InkBottle","Cursed Key","Sundial","HornCleat","Happy Flower","Letter Opener"],"potions_floor_usage":[55,55,55],"damage_taken":[{"damage":0.0,"enemies":"2 Louse","floor":1.0,"turns":4.0},{"damage":3.0,"enemies":"Small Slimes","floor":2.0,"turns":4.0},{"damage":0.0,"enemies":"Cultist","floor":7.0,"turns":3.0},{"damage":3.0,"enemies":"3 Louse","floor":11.0,"turns":3.0},{"damage":5.0,"enemies":"Blue Slaver","floor":13.0,"turns":4.0},{"damage":7.0,"enemies":"Lagavulin","floor":14.0,"turns":4.0},{"damage":0.0,"enemies":"Slime Boss","floor":16.0,"turns":5.0},{"damage":0.0,"enemies":"3 Byrds","floor":18.0,"turns":2.0},{"damage":14.0,"enemies":"2 Thieves","floor":21.0,"turns":4.0},{"damage":3.0,"enemies":"Centurion and Healer","floor":22.0,"turns":4.0},{"damage":4.0,"enemies":"Gremlin Leader","floor":28.0,"turns":3.0},{"damage":0.0,"enemies":"Slavers","floor":30.0,"turns":4.0},{"damage":18.0,"enemies":"Champ","floor":33.0,"turns":6.0},{"damage":6.0,"enemies":"Orb Walker","floor":35.0,"turns":3.0},{"damage":0.0,"enemies":"3 Darklings","floor":37.0,"turns":6.0},{"damage":8.0,"enemies":"Reptomancer","floor":41.0,"turns":5.0},{"damage":11.0,"enemies":"Sphere and 2 Shapes","floor":44.0,"turns":5.0},{"damage":28.0,"enemies":"Nemesis","floor":45.0,"turns":5.0},{"damage":7.0,"enemies":"Writhing Mass","floor":46.0,"turns":4.0},{"damage":0.0,"enemies":"4 Shapes","floor":47.0,"turns":6.0},{"damage":15.0,"enemies":"Awakened One","floor":50.0,"turns":13.0},{"damage":16,"enemies":"Shield and Spear","floor":54,"turns":5},{"damage":45,"enemies":"The Heart","floor":55,"turns":9}],"seed_played":"2478082996442941357","potions_obtained":[{"floor":2.0,"key":"Ambrosia"},{"floor":11.0,"key":"Swift Potion"},{"floor":16.0,"key":"Swift Potion"},{"floor":18.0,"key":"BottledMiracle"},{"floor":28.0,"key":"DistilledChaos"},{"floor":33.0,"key":"ColorlessPotion"},{"floor":41.0,"key":"Block Potion"},{"floor":44.0,"key":"AttackPotion"},{"floor":45.0,"key":"Weak Potion"}],"is_trial":false,"path_per_floor":["M","M","$","?","?","R","M","R","T","R","M","?","M","E","R","B",null,"M","?","$","M","M","R","?","?","T","$","E","R","E","$","R","B",null,"M","?","M","?","?","R","E","R","T","M","E","M","M","?","R","B",null,"R","$","E","B",null],"character_chosen":"WATCHER","items_purchased":["Blind","Nirvana","DuplicationPotion","PowerPotion","Happy Flower"],"campfire_rested":0,"item_purchase_floors":[20,31,53,53,53],"current_hp_per_floor":[65,62,62,62,62,62,62,62,62,62,59,59,54,47,47,47,62,62,62,62,48,45,45,45,45,57,57,58,58,63,63,63,50,68,67,67,72,72,70,70,67,67,70,64,41,39,44,44,44,29,60,60,60,49,4],"gold":94,"neow_bonus":"REMOVE_TWO","is_prod":false,"is_daily":false,"chose_seed":false,"campfire_upgraded":10,"win_rate":0,"timestamp":1584636155,"path_taken":["M","M","$","?","?","R","M","R","T","R","?","?","M","E","R","BOSS","M","?","$","?","?","R","?","?","T","?","E","R","E","?","R","BOSS","M","?","?","?","?","R","E","R","T","M","E","M","M","?","R","BOSS","R","$","E","BOSS"],"build_version":"2020-01-14","purchased_purges":2,"victory":true,"max_hp_per_floor":[72,72,72,67,67,67,67,67,67,67,67,67,67,67,67,67,67,67,67,67,67,67,67,67,67,74,74,74,74,74,74,74,74,74,74,74,74,74,70,70,70,70,70,70,70,70,70,70,70,70,70,70,70,70,70],"card_choices":[{"not_picked":["EmptyFist","BowlingBash"],"picked":"PathToVictory","floor":1.0},{"not_picked":["CutThroughFate","Consecrate"],"picked":"Evaluate","floor":2.0},{"not_picked":["Protect","FlurryOfBlows"],"picked":"PathToVictory","floor":7.0},{"not_picked":["ConjureBlade","EmptyMind","BowlingBash"],"picked":"SKIP","floor":11.0},{"not_picked":["ForeignInfluence","CutThroughFate"],"picked":"PathToVictory","floor":13.0},{"not_picked":["Omniscience","Collect"],"picked":"PathToVictory","floor":14.0},{"not_picked":["Ragnarok","Vault"],"picked":"SpiritShield","floor":16.0},{"not_picked":["ClearTheMind","FollowUp"],"picked":"Evaluate","floor":18.0},{"not_picked":["Swivel+1","WindmillStrike+1","Worship+1"],"picked":"SKIP","floor":21.0},{"not_picked":["Adaptation+1","Worship","EmptyFist"],"picked":"SKIP","floor":22.0},{"not_picked":["CarveReality","Brilliance","LessonLearned"],"picked":"SKIP","floor":28.0},{"not_picked":["LessonLearned","MentalFortress+1"],"picked":"Wireheading","floor":30.0},{"not_picked":["SashWhip+1","Crescendo+1","EmptyFist"],"picked":"SKIP","floor":35.0},{"not_picked":["Worship+1","FlurryOfBlows+1","LikeWater+1"],"picked":"SKIP","floor":37.0},{"not_picked":["FlyingSleeves+1","Judgement","FlurryOfBlows"],"picked":"SKIP","floor":41.0},{"not_picked":["DeusExMachina","ForeignInfluence","FearNoEvil"],"picked":"SKIP","floor":44.0},{"not_picked":["MasterReality","CarveReality+1"],"picked":"Protect","floor":45.0},{"not_picked":["Protect","Conclude"],"picked":"DeceiveReality+1","floor":46.0},{"not_picked":["Evaluate","CrushJoints","JustLucky"],"picked":"SKIP","floor":47.0},{"not_picked":["Fasting2","ConjureBlade"],"picked":"DeceiveReality","floor":54}],"player_experience":330157,"relics_obtained":[{"floor":9.0,"key":"Unceasing Top"},{"floor":14.0,"key":"PreservedInsect"},{"floor":26.0,"key":"Strawberry"},{"floor":28.0,"key":"Regal Pillow"},{"floor":30.0,"key":"InkBottle"},{"floor":41.0,"key":"Sundial"},{"floor":45.0,"key":"HornCleat"},{"floor":54,"key":"Letter Opener"}],"event_choices":[{"damage_healed":0.0,"max_hp_gain":0.0,"max_hp_loss":5.0,"gold_gain":0.0,"event_name":"Golden Idol","player_choice":"Lose Max HP","floor":4.0,"gold_loss":0.0,"damage_taken":0.0,"relics_obtained":["Golden Idol"]},{"damage_healed":0.0,"max_hp_gain":0.0,"max_hp_loss":0.0,"gold_gain":0.0,"event_name":"Match and Keep!","player_choice":"0 cards matched","floor":5.0,"gold_loss":0.0,"damage_taken":0.0,"cards_obtained":[]},{"cards_removed":["Defend_P"],"damage_healed":0.0,"max_hp_gain":0.0,"max_hp_loss":0.0,"gold_gain":0.0,"event_name":"The Cleric","player_choice":"Card Removal","floor":12.0,"gold_loss":50.0,"damage_taken":0.0},{"damage_healed":0.0,"max_hp_gain":0.0,"max_hp_loss":0.0,"gold_gain":0.0,"event_name":"N\u0027loth","player_choice":"Traded Relic","floor":19.0,"relics_lost":["Unceasing Top"],"gold_loss":0.0,"damage_taken":0.0,"relics_obtained":["Nloth\u0027s Gift"]},{"damage_healed":0.0,"max_hp_gain":0.0,"max_hp_loss":0.0,"gold_gain":0.0,"event_name":"Cursed Tome","player_choice":"Ignored","floor":24.0,"gold_loss":0.0,"damage_taken":0.0},{"damage_healed":0.0,"max_hp_gain":0.0,"max_hp_loss":0.0,"gold_gain":0.0,"event_name":"Forgotten Altar","player_choice":"Gave Idol","floor":25.0,"relics_lost":["Golden Idol"],"gold_loss":0.0,"damage_taken":0.0,"relics_obtained":["Bloody Idol"]},{"cards_removed":["Strike_P"],"damage_healed":0.0,"max_hp_gain":0.0,"max_hp_loss":0.0,"gold_gain":0.0,"event_name":"Purifier","player_choice":"Purged","floor":36.0,"gold_loss":0.0,"damage_taken":0.0},{"damage_healed":0.0,"max_hp_gain":0.0,"max_hp_loss":0.0,"gold_gain":0.0,"event_name":"SensoryStone","player_choice":"Memory 1","floor":38.0,"gold_loss":0.0,"damage_taken":0.0},{"damage_healed":0.0,"max_hp_gain":0.0,"max_hp_loss":4.0,"gold_gain":0.0,"event_name":"Winding Halls","player_choice":"Max HP","floor":39.0,"gold_loss":0.0,"damage_taken":0.0},{"damage_healed":0.0,"max_hp_gain":0.0,"max_hp_loss":0.0,"gold_gain":0.0,"event_name":"Upgrade Shrine","player_choice":"Upgraded","floor":48.0,"gold_loss":0.0,"damage_taken":0.0,"cards_upgraded":["Protect"]}],"is_beta":false,"boss_relics":[{"not_picked":["Tiny House","Sozu"],"picked":"SlaversCollar"},{"not_picked":["SacredBark","Runic Dome"],"picked":"Cursed Key"}],"items_purged_floors":[20,27],"is_endless":false,"potions_floor_spawned":[2,11,16,18,28,33,41,44,45],"ascension_level":10}