{"gold_per_floor":[112,112,112,112,37,72,83,115,140,168,168,168,185,200,200,299,299,314,333,343,357,357],"floor_reached":22,"playtime":753,"items_purged":["Strike_P"],"score":372,"play_id":"90130e19-8435-4131-b294-cbb275c8bb24","local_time":"20200316154350","is_ascension_mode":true,"campfire_choices":[{"floor":11.0,"key":"REST"},{"data":"PathToVictory","floor":15.0,"key":"SMITH"}],"neow_cost":"NONE","seed_source_timestamp":39339006493700,"circlet_count":0,"master_deck":["AscendersBane","Strike_P+1","Strike_P","Strike_P+1","Defend_P","Defend_P","Defend_P","Defend_P","Eruption","Vigilance","PathToVictory+1","PathToVictory","Parasite","SpiritShield","Protect"],"special_seed":0,"relics":["PureWater","NeowsBlessing","Anchor","Singing Bowl","The Courier","Blood Vial","Whetstone","Runic Dome"],"potions_floor_usage":[],"damage_taken":[{"damage":0.0,"enemies":"2 Louse","floor":1.0,"turns":1.0},{"damage":0.0,"enemies":"Lagavulin","floor":6.0,"turns":1.0},{"damage":0.0,"enemies":"Small Slimes","floor":7.0,"turns":1.0},{"damage":29.0,"enemies":"3 Sentries","floor":8.0,"turns":11.0},{"damage":42.0,"enemies":"Lagavulin","floor":10.0,"turns":7.0},{"damage":0.0,"enemies":"Jaw Worm","floor":13.0,"turns":4.0},{"damage":5.0,"enemies":"Lots of Slimes","floor":14.0,"turns":5.0},{"damage":37.0,"enemies":"Hexaghost","floor":16.0,"turns":8.0},{"damage":6,"enemies":"Shell Parasite","floor":18,"turns":4},{"damage":24,"enemies":"2 Thieves","floor":19,"turns":5},{"damage":22,"enemies":"Snake Plant","floor":20,"turns":6},{"damage":12,"enemies":"Centurion and Healer","floor":21,"turns":9},{"damage":17,"enemies":"Shelled Parasite and Fungi","floor":22,"turns":3}],"seed_played":"-8453922526308871337","potions_obtained":[{"floor":7.0,"key":"EntropicBrew"},{"floor":10.0,"key":"BottledMiracle"},{"floor":13.0,"key":"FearPotion"},{"floor":14.0,"key":"Block Potion"}],"is_trial":false,"path_per_floor":["M","$","?","?","$","E","M","E","T","E","R","?","M","M","R","B",null,"M","M","M","M","M"],"character_chosen":"WATCHER","items_purchased":[],"campfire_rested":1,"item_purchase_floors":[],"current_hp_per_floor":[65,65,65,65,65,67,69,42,42,2,25,44,48,47,47,12,65,61,41,23,15,0],"gold":357,"neow_bonus":"THREE_ENEMY_KILL","is_prod":false,"is_daily":false,"chose_seed":false,"campfire_upgraded":1,"win_rate":0,"timestamp":1584355430,"path_taken":["M","$","?","?","$","E","M","E","T","E","R","?","?","M","R","BOSS","M","?","M","M","M"],"build_version":"2020-01-14","purchased_purges":1,"victory":false,"max_hp_per_floor":[72,72,72,72,72,74,76,78,78,78,78,78,80,82,82,82,82,82,84,86,88,88],"card_choices":[{"not_picked":["SashWhip","Indignation"],"picked":"PathToVictory","floor":1.0},{"not_picked":["FlurryOfBlows","Fasting2","Worship"],"picked":"Singing Bowl","floor":6.0},{"not_picked":["BowlingBash","SashWhip","JustLucky"],"picked":"Singing Bowl","floor":7.0},{"not_picked":["Worship","Devotion","Adaptation"],"picked":"Singing Bowl","floor":8.0},{"not_picked":["WaveOfTheHand","CutThroughFate"],"picked":"PathToVictory","floor":10.0},{"not_picked":["ForeignInfluence","Evaluate","BattleHymn"],"picked":"Singing Bowl","floor":13.0},{"not_picked":["Weave","FearNoEvil","Halt"],"picked":"Singing Bowl","floor":14.0},{"not_picked":["Alpha","Brilliance"],"picked":"SpiritShield","floor":16.0},{"not_picked":["Pray","MentalFortress"],"picked":"Protect","floor":18},{"not_picked":["Weave","Halt","Crescendo"],"picked":"Singing Bowl","floor":19},{"not_picked":["Nirvana","FlyingSleeves+1","MentalFortress"],"picked":"Singing Bowl","floor":20},{"not_picked":["Crescendo","FlurryOfBlows","Evaluate+1"],"picked":"Singing Bowl","floor":21}],"player_experience":321621,"relics_obtained":[{"floor":6.0,"key":"Singing Bowl"},{"floor":8.0,"key":"The Courier"},{"floor":9.0,"key":"Blood Vial"},{"floor":10.0,"key":"Whetstone"}],"event_choices":[{"damage_healed":0.0,"max_hp_gain":0.0,"max_hp_loss":0.0,"gold_gain":0.0,"event_name":"Big Fish","player_choice":"Box","floor":3.0,"gold_loss":0.0,"damage_taken":0.0,"relics_obtained":["Anchor"],"cards_obtained":["Regret"]},{"cards_removed":["Regret"],"damage_healed":0.0,"max_hp_gain":0.0,"max_hp_loss":0.0,"gold_gain":0.0,"event_name":"Living Wall","player_choice":"Forget","floor":4.0,"gold_loss":0.0,"damage_taken":0.0},{"damage_healed":19.0,"max_hp_gain":0.0,"max_hp_loss":0.0,"gold_gain":0.0,"event_name":"Mushrooms","player_choice":"Healed and dodged fight","floor":12.0,"gold_loss":0.0,"damage_taken":0.0,"cards_obtained":["Parasite"]}],"is_beta":false,"boss_relics":[{"not_picked":["Philosopher\u0027s Stone","Cursed Key"],"picked":"Runic Dome"}],"items_purged_floors":[5],"is_endless":false,"potions_floor_spawned":[7,10,13,14],"killed_by":"Shelled Parasite and Fungi","ascension_level":10}