{"gold_per_floor":[115,115,115,130,140,171,182,182,209,221,221,246,260,112,112,210,210,229,229,229,229,154,154,203,203,226,238,238,268,268,285,285,385,385,403,403,1402,787,810,250,268,299,324,350,363,363,363,381,381,381],"floor_reached":51,"playtime":1677,"items_purged":["Normality","Normality"],"score":881,"play_id":"c3fc7c1b-b35f-4c43-9b18-23268f2c0425","local_time":"20191107170144","is_ascension_mode":false,"campfire_choices":[{"data":"Catalyst","floor":11,"key":"SMITH"},{"floor":15,"key":"REST"},{"data":"Deflect","floor":23,"key":"SMITH"},{"data":"Venomology","floor":25,"key":"SMITH"},{"data":"Escape Plan","floor":28,"key":"SMITH"},{"data":"Crippling Poison","floor":32,"key":"SMITH"},{"floor":49,"key":"REST"}],"neow_cost":"NONE","seed_source_timestamp":3542368690489065,"circlet_count":0,"master_deck":["Strike_G","Defend_G","Defend_G","Defend_G","Defend_G","Defend_G","Survivor+1","Neutralize+1","Corpse Explosion+1","PiercingWail","Deadly Poison+1","Escape Plan+1","Venomology+1","Catalyst+1","Deflect+1","CurseOfTheBell","Backflip+1","Escape Plan","Crippling Poison+1","Crippling Poison+1","Backflip+1","Good Instincts+1"],"relics":["Ring of the Snake","GremlinMask","Juzu Bracelet","Happy Flower","Lantern","Tiny Chest","Calling Bell","TungstenRod","HornCleat","War Paint","Orichalcum","Bag of Marbles","Boot","Fusion Hammer","ClockworkSouvenir","Toxic Egg 2","Centennial Puzzle","Potion Belt","Thread and Needle","Toy Ornithopter","Nunchaku","Strawberry","Regal Pillow"],"potions_floor_usage":[10,13,16,16,16,29,31,33,33,33,50,50,50,50],"damage_taken":[{"damage":0,"enemies":"2 Louse","floor":1,"turns":2},{"damage":0,"enemies":"Small Slimes","floor":4,"turns":3},{"damage":1,"enemies":"Cultist","floor":5,"turns":4},{"damage":13,"enemies":"Lagavulin","floor":6,"turns":6},{"damage":6,"enemies":"3 Louse","floor":7,"turns":3},{"damage":0,"enemies":"Exordium Thugs","floor":10,"turns":3},{"damage":19,"enemies":"Gremlin Nob","floor":12,"turns":5},{"damage":0,"enemies":"Large Slime","floor":13,"turns":6},{"damage":16,"enemies":"The Guardian","floor":16,"turns":7},{"damage":13,"enemies":"Spheric Guardian","floor":18,"turns":7},{"damage":0,"enemies":"Shell Parasite","floor":27,"turns":3},{"damage":6,"enemies":"Slavers","floor":29,"turns":4},{"damage":0,"enemies":"Cultist and Chosen","floor":31,"turns":3},{"damage":16,"enemies":"Automaton","floor":33,"turns":12},{"damage":0,"enemies":"3 Shapes","floor":35,"turns":5},{"damage":0,"enemies":"Orb Walker","floor":41,"turns":3},{"damage":0,"enemies":"Reptomancer","floor":42,"turns":5},{"damage":0,"enemies":"Giant Head","floor":44,"turns":8},{"damage":0,"enemies":"Jaw Worm Horde","floor":45,"turns":2},{"damage":11,"enemies":"Spire Growth","floor":48,"turns":5},{"damage":0,"enemies":"Donu and Deca","floor":50,"turns":5}],"seed_played":"9103520059181317619","potions_obtained":[{"floor":4,"key":"SpeedPotion"},{"floor":6,"key":"FearPotion"},{"floor":7,"key":"Regen Potion"},{"floor":12,"key":"Dexterity Potion"},{"floor":31,"key":"Block Potion"},{"floor":42,"key":"SneckoOil"},{"floor":45,"key":"Weak Potion"},{"floor":48,"key":"SteroidPotion"}],"is_trial":false,"path_per_floor":["M","?","?","M","M","E","M","?","T","M","R","E","M","$","R","B",null,"M","$","?","?","?","R","T","R","T","M","R","E","?","M","R","B",null,"M","?","?","$","T","$","M","E","T","E","M","?","?","M","R","B",null],"character_chosen":"THE_SILENT","items_purchased":["Tiny Chest","ClockworkSouvenir","Toxic Egg 2","Centennial Puzzle","Thread and Needle","Toy Ornithopter"],"campfire_rested":2,"item_purchase_floors":[14,38,38,38,40,40],"current_hp_per_floor":[70,56,56,56,55,42,36,36,36,36,36,17,32,32,53,37,70,57,57,45,45,45,45,45,45,45,45,45,39,39,39,39,23,75,75,71,71,71,71,71,71,71,78,78,78,78,78,67,78,78],"gold":381,"neow_bonus":"ONE_RANDOM_RARE_CARD","is_prod":false,"is_daily":false,"chose_seed":false,"campfire_upgraded":5,"win_rate":0,"timestamp":1573128104,"path_taken":["M","?","?","?","M","E","M","?","T","M","R","E","M","$","R","BOSS","M","$","?","?","?","R","?","R","T","M","R","E","?","M","R","BOSS","M","?","?","$","?","$","M","E","T","E","M","?","?","M","R","BOSS"],"build_version":"2019-10-30","purchased_purges":2,"victory":true,"max_hp_per_floor":[70,70,70,70,70,70,70,70,70,70,70,70,70,70,70,70,70,70,70,75,75,75,75,75,75,75,75,75,75,75,75,75,75,75,75,71,71,71,71,71,71,71,78,78,78,78,78,78,78,78],"card_choices":[{"not_picked":["Slice","Dagger Throw"],"picked":"PiercingWail","floor":1},{"not_picked":["Deflect","Finisher"],"picked":"Deadly Poison","floor":4},{"not_picked":["Infinite Blades","Cloak And Dagger"],"picked":"Escape Plan","floor":5},{"not_picked":["Malaise","Distraction"],"picked":"Venomology","floor":6},{"not_picked":["Bane","All Out Attack","Sucker Punch"],"picked":"SKIP","floor":7},{"not_picked":["Sucker Punch","Prepared"],"picked":"Catalyst","floor":10},{"not_picked":["Skewer","Dash","All Out Attack"],"picked":"SKIP","floor":12},{"not_picked":["Prepared","Bane"],"picked":"Deflect","floor":13},{"not_picked":["Dagger Throw","Outmaneuver"],"picked":"Backflip","floor":18},{"not_picked":["Infinite Blades","Slice","Bane"],"picked":"SKIP","floor":27},{"not_picked":["Wraith Form v2","Heel Hook","Expertise"],"picked":"SKIP","floor":29},{"not_picked":["Dagger Throw+1","Outmaneuver+1","Bouncing Flask"],"picked":"SKIP","floor":31},{"not_picked":["Cloak And Dagger+1","Blade Dance","Dodge and Roll+1"],"picked":"SKIP","floor":35},{"not_picked":["Slice","Dagger Throw"],"picked":"Crippling Poison+1","floor":41},{"not_picked":["Deadly Poison+1","Slice","Bane"],"picked":"SKIP","floor":42},{"not_picked":["Dagger Throw","PiercingWail+1"],"picked":"Backflip+1","floor":44},{"not_picked":["Acrobatics+1","Backstab","Slice"],"picked":"SKIP","floor":45},{"not_picked":["Thinking Ahead+1","Discovery+1"],"picked":"Good Instincts+1","floor":47},{"not_picked":["Eviscerate+1","Backflip+1","Backstab"],"picked":"SKIP","floor":48}],"player_experience":39637,"relics_obtained":[{"floor":6,"key":"Juzu Bracelet"},{"floor":9,"key":"Happy Flower"},{"floor":12,"key":"Lantern"},{"floor":17,"key":"TungstenRod"},{"floor":17,"key":"HornCleat"},{"floor":17,"key":"War Paint"},{"floor":24,"key":"Orichalcum"},{"floor":26,"key":"Bag of Marbles"},{"floor":29,"key":"Boot"},{"floor":39,"key":"Potion Belt"},{"floor":42,"key":"Nunchaku"},{"floor":43,"key":"Strawberry"},{"floor":44,"key":"Regal Pillow"}],"event_choices":[{"damage_healed":0,"gold_gain":0,"player_choice":"Entered Light","damage_taken":14,"max_hp_gain":0,"max_hp_loss":0,"event_name":"Shining Light","floor":2,"gold_loss":0,"cards_upgraded":["Strike_G","Neutralize"]},{"damage_healed":0,"gold_gain":0,"player_choice":"Trade","damage_taken":0,"relics_obtained":["GremlinMask"],"max_hp_gain":0,"max_hp_loss":0,"event_name":"FaceTrader","floor":3,"gold_loss":0},{"damage_healed":0,"gold_gain":0,"player_choice":"Upgraded","damage_taken":0,"max_hp_gain":0,"max_hp_loss":0,"event_name":"Upgrade Shrine","floor":8,"gold_loss":0,"cards_upgraded":["Survivor"]},{"damage_healed":0,"gold_gain":0,"player_choice":"Shed Blood","damage_taken":18,"max_hp_gain":5,"max_hp_loss":0,"event_name":"Forgotten Altar","floor":20,"gold_loss":0},{"damage_healed":0,"gold_gain":0,"player_choice":"Upgraded","damage_taken":0,"max_hp_gain":0,"max_hp_loss":0,"event_name":"Upgrade Shrine","floor":21,"gold_loss":0,"cards_upgraded":["Backflip"]},{"cards_removed":["Strike_G"],"damage_healed":0,"gold_gain":0,"player_choice":"Gave Gold","damage_taken":0,"max_hp_gain":0,"max_hp_loss":0,"event_name":"Beggar","floor":22,"gold_loss":75},{"damage_healed":0,"gold_gain":0,"cards_transformed":["Strike_G","Strike_G"],"player_choice":"Became Test Subject","damage_taken":0,"max_hp_gain":0,"max_hp_loss":0,"event_name":"Drug Dealer","floor":30,"gold_loss":0,"cards_obtained":["Escape Plan","Crippling Poison"]},{"damage_healed":0,"gold_gain":0,"player_choice":"Max HP","damage_taken":0,"max_hp_gain":0,"max_hp_loss":4,"event_name":"Winding Halls","floor":36,"gold_loss":0},{"damage_healed":0,"gold_gain":999,"player_choice":"Gold","damage_taken":0,"max_hp_gain":0,"max_hp_loss":0,"event_name":"MindBloom","floor":37,"gold_loss":0,"cards_obtained":["Normality","Normality"]},{"cards_removed":["Strike_G"],"damage_healed":0,"gold_gain":0,"player_choice":"Removed Attack","damage_taken":0,"max_hp_gain":0,"max_hp_loss":0,"event_name":"Falling","floor":46,"gold_loss":0},{"damage_healed":0,"gold_gain":0,"player_choice":"Memory 1","damage_taken":0,"max_hp_gain":0,"max_hp_loss":0,"event_name":"SensoryStone","floor":47,"gold_loss":0}],"is_beta":true,"boss_relics":[{"not_picked":["Tiny House","Philosopher\u0027s Stone"],"picked":"Calling Bell"},{"not_picked":["WristBlade","Velvet Choker"],"picked":"Fusion Hammer"}],"items_purged_floors":[38,40],"is_endless":false,"potions_floor_spawned":[4,6,7,12,13,29,31,42,45,48],"ascension_level":0}