{"gold_per_floor":[111,123,140,140,415,441,451,482,505,517,534,534,544,560,560,661,661,680,680,217,229,328,360,360,376,376,411,421,437,182,209,209,313,313,331,331,1330,1330,1330,1330],"floor_reached":40,"playtime":2062,"items_purged":["Regret"],"score":483,"play_id":"4ac77261-8436-4ab5-a7f2-0942184af34d","local_time":"20191110234519","is_ascension_mode":false,"campfire_choices":[{"floor":12,"key":"REST"},{"floor":15,"key":"REST"},{"data":"Survivor","floor":32,"key":"SMITH"}],"neow_cost":"NONE","seed_source_timestamp":3825428067709289,"circlet_count":0,"master_deck":["Strike_G+1","Strike_G+1","Strike_G+1","Strike_G+1","Defend_G+1","Defend_G+1","Defend_G+1","Defend_G+1","Defend_G+1","Survivor+1","Neutralize","Deadly Poison","Underhanded Strike","Underhanded Strike","PiercingWail","Prepared","Noxious Fumes","A Thousand Cuts","Deflect","Reflex","Terror","Leg Sweep","Tactician+1","Burst","Impatience"],"relics":["Runic Pyramid","Blood Vial","Bronze Scales","Omamori","Busted Crown","MealTicket","Lee\u0027s Waffle","Lantern","Darkstone Periapt","Boot","Gremlin Horn","Tiny Chest","Sozu","Tough Bandages"],"potions_floor_usage":[6,6,10,16,16,29,31,33,33],"damage_taken":[{"damage":0,"enemies":"Cultist","floor":1,"turns":3},{"damage":0,"enemies":"2 Louse","floor":2,"turns":3},{"damage":0,"enemies":"Jaw Worm","floor":3,"turns":3},{"damage":15,"enemies":"3 Sentries","floor":6,"turns":7},{"damage":8,"enemies":"3 Louse","floor":7,"turns":4},{"damage":30,"enemies":"Gremlin Nob","floor":8,"turns":5},{"damage":4,"enemies":"Large Slime","floor":10,"turns":5},{"damage":3,"enemies":"Gremlin Gang","floor":11,"turns":4},{"damage":3,"enemies":"Red Slaver","floor":13,"turns":3},{"damage":0,"enemies":"3 Louse","floor":14,"turns":3},{"damage":13,"enemies":"The Guardian","floor":16,"turns":9},{"damage":14,"enemies":"Shell Parasite","floor":18,"turns":7},{"damage":0,"enemies":"Spheric Guardian","floor":21,"turns":4},{"damage":1,"enemies":"Book of Stabbing","floor":23,"turns":5},{"damage":7,"enemies":"Snake Plant","floor":25,"turns":4},{"damage":18,"enemies":"Gremlin Leader","floor":27,"turns":6},{"damage":7,"enemies":"Shelled Parasite and Fungi","floor":28,"turns":5},{"damage":7,"enemies":"Chosen and Byrds","floor":29,"turns":6},{"damage":23,"enemies":"Slavers","floor":31,"turns":7},{"damage":34,"enemies":"Collector","floor":33,"turns":15},{"damage":5,"enemies":"3 Darklings","floor":35,"turns":7},{"damage":73,"enemies":"Giant Head","floor":40,"turns":10}],"seed_played":"1555381202873010540","potions_obtained":[{"floor":1,"key":"Explosive Potion"},{"floor":3,"key":"Fire Potion"},{"floor":8,"key":"SneckoOil"},{"floor":13,"key":"Poison Potion"},{"floor":14,"key":"AttackPotion"},{"floor":23,"key":"Ancient Potion"},{"floor":25,"key":"GamblersBrew"},{"floor":27,"key":"PowerPotion"},{"floor":31,"key":"Weak Potion"}],"is_trial":false,"path_per_floor":["M","M","M","?","?","E","M","E","T","M","M","R","M","M","R","B",null,"M","?","$","M","?","E","?","M","T","E","M","M","$","E","R","B",null,"M","?","?","?","T","E"],"character_chosen":"THE_SILENT","items_purchased":["MealTicket","Lee\u0027s Waffle","Reflex","Gremlin Horn"],"campfire_rested":2,"item_purchase_floors":[20,20,20,30],"current_hp_per_floor":[70,70,70,56,56,41,35,7,7,5,4,25,24,26,47,36,70,56,56,77,77,77,76,76,70,70,54,49,44,59,38,38,6,77,72,72,72,72,72,0],"gold":1330,"neow_bonus":"BOSS_RELIC","is_prod":false,"is_daily":false,"chose_seed":false,"campfire_upgraded":1,"win_rate":0,"timestamp":1573411519,"path_taken":["M","?","M","?","?","E","M","E","T","M","?","R","M","M","R","BOSS","M","?","$","M","?","E","?","M","T","E","?","M","?","E","R","BOSS","M","?","?","?","?","E"],"build_version":"2019-10-30","purchased_purges":1,"victory":false,"max_hp_per_floor":[70,70,70,70,70,70,70,70,70,70,70,70,70,70,70,70,70,70,70,77,77,77,77,77,77,77,77,77,77,77,77,77,77,77,77,77,77,73,73,73],"card_choices":[{"not_picked":["Backstab","All Out Attack"],"picked":"Deadly Poison","floor":1},{"not_picked":["Expertise","Sucker Punch","Distraction"],"picked":"SKIP","floor":2},{"not_picked":["Dodge and Roll","Dash"],"picked":"Underhanded Strike","floor":3},{"not_picked":["Reflex","Outmaneuver"],"picked":"Underhanded Strike","floor":6},{"not_picked":["Envenom","Sucker Punch"],"picked":"PiercingWail","floor":7},{"not_picked":["Expertise","Phantasmal Killer"],"picked":"Prepared","floor":8},{"not_picked":["Choke","Dagger Spray","Accuracy"],"picked":"SKIP","floor":10},{"not_picked":["Quick Slash","Dagger Throw","Underhanded Strike"],"picked":"SKIP","floor":11},{"not_picked":["Bane","Backflip"],"picked":"Noxious Fumes","floor":13},{"not_picked":["Flying Knee","Accuracy","Quick Slash"],"picked":"SKIP","floor":14},{"not_picked":["Unload","Wraith Form v2"],"picked":"A Thousand Cuts","floor":16},{"not_picked":[],"picked":"Deflect","floor":18},{"not_picked":["Distraction+1"],"picked":"SKIP","floor":21},{"not_picked":[],"picked":"Terror","floor":23},{"not_picked":["Distraction"],"picked":"SKIP","floor":25},{"not_picked":[],"picked":"Leg Sweep","floor":27},{"not_picked":["Dodge and Roll"],"picked":"SKIP","floor":28},{"not_picked":[],"picked":"Tactician+1","floor":29},{"not_picked":["Sucker Punch"],"picked":"SKIP","floor":31},{"not_picked":[],"picked":"Burst","floor":33},{"not_picked":["Deflect+1"],"picked":"SKIP","floor":35},{"not_picked":[],"picked":"Impatience","floor":36}],"player_experience":50252,"relics_obtained":[{"floor":6,"key":"Blood Vial"},{"floor":8,"key":"Bronze Scales"},{"floor":9,"key":"Omamori"},{"floor":23,"key":"Lantern"},{"floor":26,"key":"Darkstone Periapt"},{"floor":27,"key":"Boot"},{"floor":31,"key":"Tiny Chest"},{"floor":39,"key":"Tough Bandages"}],"event_choices":[{"damage_healed":0,"gold_gain":0,"player_choice":"Entered Light","damage_taken":14,"max_hp_gain":0,"max_hp_loss":0,"event_name":"Shining Light","floor":4,"gold_loss":0,"cards_upgraded":["Strike_G","Defend_G"]},{"damage_healed":0,"gold_gain":275,"player_choice":"Desecrate","damage_taken":0,"max_hp_gain":0,"max_hp_loss":0,"event_name":"Golden Shrine","floor":5,"gold_loss":0,"cards_obtained":["Regret"]},{"damage_healed":0,"gold_gain":0,"player_choice":"Simplicity","damage_taken":0,"max_hp_gain":0,"max_hp_loss":0,"event_name":"Back to Basics","floor":19,"gold_loss":0,"cards_upgraded":["Strike_G","Strike_G","Strike_G","Strike_G","Defend_G","Defend_G","Defend_G","Defend_G"]},{"damage_healed":0,"gold_gain":99,"player_choice":"Stole From Cult","damage_taken":0,"max_hp_gain":0,"max_hp_loss":0,"event_name":"Nest","floor":22,"gold_loss":0},{"cards_removed":["Strike_G"],"damage_healed":0,"gold_gain":0,"player_choice":"Purged","damage_taken":0,"max_hp_gain":0,"max_hp_loss":0,"event_name":"Purifier","floor":24,"gold_loss":0},{"damage_healed":0,"gold_gain":0,"player_choice":"Memory 1","damage_taken":0,"max_hp_gain":0,"max_hp_loss":0,"event_name":"SensoryStone","floor":36,"gold_loss":0},{"damage_healed":0,"gold_gain":999,"player_choice":"Gold","damage_taken":0,"max_hp_gain":0,"max_hp_loss":0,"event_name":"MindBloom","floor":37,"gold_loss":0,"cards_obtained":["Normality","Normality"]},{"damage_healed":0,"gold_gain":0,"player_choice":"Max HP","damage_taken":0,"max_hp_gain":0,"max_hp_loss":4,"event_name":"Winding Halls","floor":38,"gold_loss":0}],"is_beta":true,"boss_relics":[{"not_picked":["Coffee Dripper","Philosopher\u0027s Stone"],"picked":"Busted Crown"},{"not_picked":["Tiny House","Velvet Choker"],"picked":"Sozu"}],"items_purged_floors":[20],"is_endless":false,"potions_floor_spawned":[1,3,8,13,14,23,25,27,31],"killed_by":"Giant Head","ascension_level":0}