{"gold_per_floor":[111,111,111,111,122,151,151,151,151,151,216,232,306,320,320,320],"floor_reached":16,"playtime":615,"items_purged":[],"score":98,"play_id":"0a6df556-1c97-4346-a7e5-1056924534b5","local_time":"20191114171853","is_ascension_mode":false,"campfire_choices":[{"floor":7,"key":"REST"},{"data":"Defend_G","floor":10,"key":"PURGE"},{"data":"1","floor":15,"key":"LIFT"}],"neow_cost":"TEN_PERCENT_HP_LOSS","seed_source_timestamp":97409666854350,"circlet_count":0,"master_deck":["Strike_G","Strike_G","Strike_G","Strike_G","Strike_G","Defend_G","Defend_G","Defend_G","Survivor","Neutralize+1","Leg Sweep","Blur","PiercingWail"],"relics":["Ring of the Snake","Peace Pipe","Du-Vu Doll","Girya","Tingsha","Snake Skull","Matryoshka"],"potions_floor_usage":[16,16,16],"damage_taken":[{"damage":3,"enemies":"Jaw Worm","floor":1,"turns":4},{"damage":0,"enemies":"2 Louse","floor":5,"turns":3},{"damage":46,"enemies":"Lagavulin","floor":6,"turns":13},{"damage":15,"enemies":"3 Sentries","floor":11,"turns":16},{"damage":0,"enemies":"Cultist","floor":12,"turns":4},{"damage":7,"enemies":"Large Slime","floor":14,"turns":10},{"damage":20,"enemies":"Hexaghost","floor":16,"turns":16}],"seed_played":"5715162410390102075","potions_obtained":[{"floor":1,"key":"Ancient Potion"},{"floor":12,"key":"EssenceOfSteel"},{"floor":14,"key":"SpeedPotion"}],"is_trial":false,"path_per_floor":["M","?","?","?","M","E","R","?","T","R","?","M","T","M","R","B"],"character_chosen":"THE_SILENT","items_purchased":[],"campfire_rested":1,"item_purchase_floors":[],"current_hp_per_floor":[60,60,53,53,53,7,25,46,46,46,31,31,31,24,24,4],"gold":320,"neow_bonus":"ONE_RARE_RELIC","is_prod":false,"is_daily":false,"chose_seed":false,"campfire_upgraded":0,"win_rate":0,"timestamp":1573733933,"path_taken":["M","?","?","?","?","E","R","?","T","R","?","M","?","M","R","BOSS"],"build_version":"2019-10-30","purchased_purges":0,"victory":false,"max_hp_per_floor":[63,63,63,63,63,63,63,63,63,63,63,63,63,63,63,63],"card_choices":[{"not_picked":["Distraction","Sucker Punch","Cloak And Dagger"],"picked":"SKIP","floor":1},{"not_picked":["All Out Attack","Dagger Spray"],"picked":"Leg Sweep","floor":5},{"not_picked":["Caltrops","Dagger Spray"],"picked":"Blur","floor":6},{"not_picked":["Underhanded Strike","Quick Slash","Dagger Spray"],"picked":"SKIP","floor":12},{"not_picked":["Tactician","Reflex"],"picked":"PiercingWail","floor":14}],"player_experience":63226,"relics_obtained":[{"floor":6,"key":"Girya"},{"floor":9,"key":"Tingsha"},{"floor":11,"key":"Snake Skull"},{"floor":13,"key":"Matryoshka"}],"event_choices":[{"damage_healed":0,"gold_gain":0,"player_choice":"Grow","damage_taken":0,"max_hp_gain":0,"max_hp_loss":0,"event_name":"Living Wall","floor":2,"gold_loss":0,"cards_upgraded":["Neutralize"]},{"damage_healed":0,"gold_gain":0,"player_choice":"Success","damage_taken":7,"relics_obtained":["Du-Vu Doll"],"max_hp_gain":0,"max_hp_loss":0,"event_name":"Scrap Ooze","floor":3,"gold_loss":0},{"cards_removed":["Defend_G"],"damage_healed":0,"gold_gain":0,"player_choice":"Card Removal","damage_taken":0,"max_hp_gain":0,"max_hp_loss":0,"event_name":"Wheel of Change","floor":4,"gold_loss":0},{"damage_healed":21,"gold_gain":0,"player_choice":"Banana","damage_taken":0,"max_hp_gain":0,"max_hp_loss":0,"event_name":"Big Fish","floor":8,"gold_loss":0},{"damage_healed":0,"gold_gain":0,"player_choice":"Searched \u00271\u0027 times","damage_taken":0,"max_hp_gain":0,"max_hp_loss":0,"event_name":"Dead Adventurer","floor":11,"gold_loss":0}],"is_beta":true,"boss_relics":[],"items_purged_floors":[],"is_endless":false,"potions_floor_spawned":[1,12,14],"killed_by":"Hexaghost","ascension_level":0}