{"gold_per_floor":[20,40,40,115,40,40,40,40,63,95,106,140,140,157,157,258,258,272,292,391,391],"floor_reached":21,"playtime":783,"items_purged":["Regret"],"score":187,"play_id":"386ccea6-8b89-4f0f-a65e-28519e4bd80c","local_time":"20191114212804","is_ascension_mode":false,"campfire_choices":[{"data":"Malaise","floor":6,"key":"SMITH"},{"data":"Neutralize","floor":8,"key":"SMITH"},{"floor":15,"key":"REST"}],"neow_cost":"NO_GOLD","seed_source_timestamp":112194141105266,"circlet_count":0,"master_deck":["Strike_G","Strike_G","Strike_G","Strike_G","Strike_G","Defend_G","Defend_G","Defend_G","Defend_G","Defend_G","Survivor","Neutralize+1","Malaise+1","Skewer+1","Leg Sweep"],"relics":["Ring of the Snake","Pocketwatch","Snake Skull","Mummified Hand","Pantograph","Black Star"],"potions_floor_usage":[12,16],"damage_taken":[{"damage":2,"enemies":"2 Louse","floor":1,"turns":5},{"damage":0,"enemies":"Cultist","floor":2,"turns":6},{"damage":26,"enemies":"Gremlin Nob","floor":10,"turns":6},{"damage":0,"enemies":"Small Slimes","floor":11,"turns":3},{"damage":20,"enemies":"Lagavulin","floor":12,"turns":7},{"damage":0,"enemies":"3 Louse","floor":14,"turns":3},{"damage":23,"enemies":"The Guardian","floor":16,"turns":13},{"damage":1,"enemies":"Chosen","floor":18,"turns":6},{"damage":17,"enemies":"3 Byrds","floor":19,"turns":8},{"damage":41,"enemies":"Sentry and Sphere","floor":21,"turns":7}],"seed_played":"1687018532336922558","potions_obtained":[{"floor":1,"key":"LiquidBronze"},{"floor":2,"key":"EntropicBrew"},{"floor":10,"key":"Fire Potion"},{"floor":12,"key":"AttackPotion"},{"floor":18,"key":"BlessingOfTheForge"}],"is_trial":false,"path_per_floor":["M","M","?","?","$","R","$","R","T","E","M","E","?","M","R","B",null,"M","M","?","M"],"character_chosen":"THE_SILENT","items_purchased":[],"campfire_rested":1,"item_purchase_floors":[],"current_hp_per_floor":[68,68,68,57,57,57,57,57,57,31,31,11,11,11,32,34,70,69,52,52,11],"gold":391,"neow_bonus":"THREE_RARE_CARDS","is_prod":false,"is_daily":false,"chose_seed":false,"campfire_upgraded":2,"win_rate":0,"timestamp":1573748884,"path_taken":["M","M","?","?","$","R","$","R","T","E","M","E","?","?","R","BOSS","M","?","?","M"],"build_version":"2019-10-30","purchased_purges":1,"victory":false,"max_hp_per_floor":[70,70,70,70,70,70,70,70,70,70,70,70,70,70,70,70,70,70,70,70,70],"card_choices":[{"not_picked":["After Image","Venomology"],"picked":"Malaise","floor":0},{"not_picked":["All Out Attack","Outmaneuver","Choke"],"picked":"SKIP","floor":1},{"not_picked":["Poisoned Stab","Acrobatics","Dagger Throw"],"picked":"SKIP","floor":2},{"not_picked":["Escape Plan","Dagger Throw"],"picked":"Skewer","floor":10},{"not_picked":["Well Laid Plans","Bane","Outmaneuver"],"picked":"SKIP","floor":11},{"not_picked":["Infinite Blades","Unload"],"picked":"Leg Sweep","floor":12},{"not_picked":["Slice","Underhanded Strike","Infinite Blades"],"picked":"SKIP","floor":14},{"not_picked":["Dagger Throw+1","Noxious Fumes","Reflex+1"],"picked":"SKIP","floor":18},{"not_picked":["Slice","Bane+1","Quick Slash+1"],"picked":"SKIP","floor":19}],"player_experience":66076,"relics_obtained":[{"floor":9,"key":"Snake Skull"},{"floor":10,"key":"Mummified Hand"},{"floor":12,"key":"Pantograph"}],"event_choices":[{"damage_healed":0,"gold_gain":0,"player_choice":"Box","damage_taken":0,"relics_obtained":["Pocketwatch"],"max_hp_gain":0,"max_hp_loss":0,"event_name":"Big Fish","floor":3,"gold_loss":0,"cards_obtained":["Regret"]},{"damage_healed":0,"gold_gain":75,"player_choice":"Gather Gold","damage_taken":11,"max_hp_gain":0,"max_hp_loss":0,"event_name":"World of Goop","floor":4,"gold_loss":0},{"damage_healed":0,"gold_gain":0,"player_choice":"Forge","damage_taken":0,"max_hp_gain":0,"max_hp_loss":0,"event_name":"Accursed Blacksmith","floor":13,"gold_loss":0,"cards_upgraded":["Skewer"]},{"damage_healed":0,"gold_gain":99,"player_choice":"Stole From Cult","damage_taken":0,"max_hp_gain":0,"max_hp_loss":0,"event_name":"Nest","floor":20,"gold_loss":0}],"is_beta":true,"boss_relics":[{"not_picked":["Cursed Key","Ectoplasm"],"picked":"Black Star"}],"items_purged_floors":[5],"is_endless":false,"potions_floor_spawned":[1,2,10,12,18],"killed_by":"Sentry and Sphere","ascension_level":0}