{"gold_per_floor":[115,125,125,138,138,138,213,6,6,6,22,50,50,50,50,180,180,194,194,119,119,142,142,177,177],"floor_reached":25,"playtime":516,"items_purged":["Strike_G"],"score":217,"play_id":"71b5e34d-6329-4c3f-8e02-80f5443c5aa4","local_time":"20191114172800","is_ascension_mode":false,"campfire_choices":[{"data":"Noxious Fumes","floor":6,"key":"SMITH"},{"data":"Deadly Poison","floor":10,"key":"SMITH"},{"data":"Caltrops","floor":15,"key":"SMITH"},{"data":"Blur","floor":23,"key":"SMITH"}],"neow_cost":"NONE","seed_source_timestamp":98055902326106,"circlet_count":0,"master_deck":["Strike_G","Defend_G","Defend_G","Defend_G","Defend_G","Defend_G","Survivor+1","Neutralize","Noxious Fumes+1","Deadly Poison+1","Deadly Poison+1","Caltrops+1","Prepared","Tools of the Trade","Blur+1"],"relics":["Ring of the Snake","NeowsBlessing","MealTicket","War Paint","Art of War","Golden Idol","Empty Cage","Prayer Wheel"],"potions_floor_usage":[16,24],"damage_taken":[{"damage":0,"enemies":"Cultist","floor":1,"turns":1},{"damage":0,"enemies":"Small Slimes","floor":2,"turns":1},{"damage":0,"enemies":"Jaw Worm","floor":4,"turns":1},{"damage":2,"enemies":"Looter","floor":11,"turns":4},{"damage":15,"enemies":"Lagavulin","floor":12,"turns":5},{"damage":19,"enemies":"Hexaghost","floor":16,"turns":8},{"damage":5,"enemies":"3 Byrds","floor":18,"turns":2},{"damage":6,"enemies":"Spheric Guardian","floor":22,"turns":4},{"damage":49,"enemies":"Slavers","floor":24,"turns":6},{"damage":17,"enemies":"3 Cultists","floor":25,"turns":4}],"seed_played":"-3127175657747486052","potions_obtained":[{"floor":4,"key":"Ancient Potion"},{"floor":12,"key":"Weak Potion"},{"floor":16,"key":"LiquidBronze"},{"floor":18,"key":"Fire Potion"}],"is_trial":false,"path_per_floor":["M","M","?","M","$","R","?","$","T","R","M","E","$","?","R","B",null,"M","?","$","?","M","R","E","M"],"character_chosen":"THE_SILENT","items_purchased":["Deadly Poison","War Paint"],"campfire_rested":0,"item_purchase_floors":[8,8],"current_hp_per_floor":[70,70,58,58,70,70,63,70,70,70,68,53,68,51,51,32,70,65,65,70,70,64,64,15,0],"gold":177,"neow_bonus":"THREE_ENEMY_KILL","is_prod":false,"is_daily":false,"chose_seed":false,"campfire_upgraded":4,"win_rate":0,"timestamp":1573734480,"path_taken":["M","?","?","M","?","R","?","$","T","R","?","E","?","?","R","BOSS","M","?","$","?","M","R","E","M"],"build_version":"2019-10-30","purchased_purges":1,"victory":false,"max_hp_per_floor":[70,70,70,70,70,70,70,70,70,70,70,70,70,70,70,70,70,70,70,70,70,70,70,70,70],"card_choices":[{"not_picked":["Dagger Spray","Blade Dance"],"picked":"Noxious Fumes","floor":1},{"not_picked":["Underhanded Strike","Leg Sweep"],"picked":"Deadly Poison","floor":2},{"not_picked":["Dagger Throw","Tactician","Dodge and Roll"],"picked":"SKIP","floor":4},{"not_picked":["Dagger Spray","Quick Slash"],"picked":"Caltrops","floor":11},{"not_picked":["Dodge and Roll","Predator"],"picked":"Prepared","floor":12},{"not_picked":["Wraith Form v2","Night Terror"],"picked":"Tools of the Trade","floor":16},{"not_picked":["Dagger Spray+1","Prepared","Dodge and Roll"],"picked":"SKIP","floor":18},{"not_picked":["Expertise+1","Deflect"],"picked":"Blur","floor":22},{"not_picked":["Flechettes","Deflect+1","Finisher+1"],"picked":"SKIP","floor":24}],"player_experience":63855,"relics_obtained":[{"floor":12,"key":"Art of War"},{"floor":24,"key":"Prayer Wheel"}],"event_choices":[{"damage_healed":0,"gold_gain":0,"player_choice":"Success","damage_taken":12,"relics_obtained":["MealTicket"],"max_hp_gain":0,"max_hp_loss":0,"event_name":"Scrap Ooze","floor":3,"gold_loss":0},{"damage_healed":0,"gold_gain":75,"player_choice":"Touch","damage_taken":7,"max_hp_gain":0,"max_hp_loss":0,"event_name":"FaceTrader","floor":7,"gold_loss":0},{"damage_healed":0,"gold_gain":0,"player_choice":"Take Damage","damage_taken":17,"relics_obtained":["Golden Idol"],"max_hp_gain":0,"max_hp_loss":0,"event_name":"Golden Idol","floor":14,"gold_loss":0},{"damage_healed":0,"gold_gain":0,"player_choice":"Ignored","damage_taken":0,"max_hp_gain":0,"max_hp_loss":0,"event_name":"Ghosts","floor":19,"gold_loss":0},{"cards_removed":["Strike_G"],"damage_healed":0,"gold_gain":0,"player_choice":"Purged","damage_taken":0,"max_hp_gain":0,"max_hp_loss":0,"event_name":"Purifier","floor":21,"gold_loss":0}],"is_beta":true,"boss_relics":[{"not_picked":["Black Star","Velvet Choker"],"picked":"Empty Cage"}],"items_purged_floors":[20],"is_endless":false,"potions_floor_spawned":[4,12,16,18],"killed_by":"3 Cultists","ascension_level":0}