{"gold_per_floor":[115,115,190,211,227,227,227,242,318,356,202,185,185,210,210,335,335,353,208,208,228,228,228,254,254,254,254,270,270,282,294,294,294],"floor_reached":33,"playtime":1097,"items_purged":[],"score":294,"play_id":"d7e0ca1d-2c7f-4ca1-9c19-e54900b1d830","local_time":"20191123103527","is_ascension_mode":true,"campfire_choices":[{"floor":6.0,"key":"REST"},{"floor":13.0,"key":"REST"},{"data":"Noxious Fumes","floor":15.0,"key":"SMITH"},{"data":"Glass Knife","floor":23.0,"key":"SMITH"},{"floor":25.0,"key":"REST"},{"data":"Poisoned Stab","floor":29.0,"key":"SMITH"},{"floor":32,"key":"REST"}],"neow_cost":"NONE","seed_source_timestamp":850380361883346,"circlet_count":0,"master_deck":["Strike_G","Strike_G","Strike_G","Strike_G","Defend_G","Defend_G","Defend_G","Defend_G","Defend_G","Survivor","Neutralize","Noxious Fumes+1","Well Laid Plans","PiercingWail","Poisoned Stab+1","Glass Knife+1","Dodge and Roll+1","Skewer"],"special_seed":0,"relics":["Busted Crown","Bloody Idol","Mummified Hand","Nunchaku","ClockworkSouvenir","Velvet Choker","Chemical X","Bronze Scales","Tiny Chest"],"potions_floor_usage":[33],"damage_taken":[{"damage":0.0,"enemies":"Jaw Worm","floor":1.0,"turns":4.0},{"damage":5.0,"enemies":"2 Louse","floor":4.0,"turns":3.0},{"damage":4.0,"enemies":"Small Slimes","floor":5.0,"turns":4.0},{"damage":4.0,"enemies":"Blue Slaver","floor":8.0,"turns":5.0},{"damage":15.0,"enemies":"Lagavulin","floor":10.0,"turns":8.0},{"damage":6.0,"enemies":"Exordium Thugs","floor":12.0,"turns":4.0},{"damage":7.0,"enemies":"Large Slime","floor":14.0,"turns":6.0},{"damage":42.0,"enemies":"Slime Boss","floor":16.0,"turns":10.0},{"damage":15.0,"enemies":"2 Thieves","floor":18.0,"turns":5.0},{"damage":8.0,"enemies":"Chosen","floor":21.0,"turns":5.0},{"damage":31.0,"enemies":"Book of Stabbing","floor":24.0,"turns":7.0},{"damage":17.0,"enemies":"Snecko","floor":28.0,"turns":5.0},{"damage":12.0,"enemies":"Shelled Parasite and Fungi","floor":30.0,"turns":6.0},{"damage":31,"enemies":"3 Cultists","floor":31,"turns":6},{"damage":31,"enemies":"Collector","floor":33,"turns":5}],"seed_played":"9057797610845007817","potions_obtained":[{"floor":1.0,"key":"GhostInAJar"},{"floor":5.0,"key":"Energy Potion"},{"floor":10.0,"key":"Strength Potion"},{"floor":12.0,"key":"Regen Potion"},{"floor":30.0,"key":"Fruit Juice"},{"floor":31,"key":"LiquidMemories"}],"is_trial":false,"path_per_floor":["M","?","?","M","M","R","?","M","T","E","$","M","R","M","R","B",null,"M","$","?","M","?","R","E","R","T","?","M","R","M","M","R","B"],"character_chosen":"THE_SILENT","items_purchased":["ClockworkSouvenir","Chemical X"],"campfire_rested":4,"item_purchase_floors":[11,19],"current_hp_per_floor":[70,53,42,37,33,54,47,43,43,28,28,22,43,36,36,9,70,55,55,55,52,52,52,26,47,47,47,35,35,33,7,29,0],"gold":294,"neow_bonus":"BOSS_RELIC","is_prod":false,"is_daily":false,"chose_seed":false,"campfire_upgraded":3,"win_rate":0,"timestamp":1574487327,"path_taken":["M","?","?","M","M","R","?","M","T","E","?","M","R","M","R","BOSS","M","$","?","M","?","R","E","R","T","?","?","R","?","M","R","BOSS"],"build_version":"2019-10-30","purchased_purges":0,"victory":false,"max_hp_per_floor":[70,70,70,70,70,70,70,70,70,70,70,70,70,70,70,70,70,70,70,70,70,70,70,70,70,70,70,70,70,75,75,75,75],"card_choices":[{"not_picked":[],"picked":"Noxious Fumes","floor":1.0},{"not_picked":["Outmaneuver"],"picked":"SKIP","floor":4.0},{"not_picked":["Choke"],"picked":"SKIP","floor":5.0},{"not_picked":[],"picked":"Well Laid Plans","floor":8.0},{"not_picked":["Deflect"],"picked":"SKIP","floor":10.0},{"not_picked":[],"picked":"PiercingWail","floor":12.0},{"not_picked":[],"picked":"Poisoned Stab","floor":14.0},{"not_picked":[],"picked":"Glass Knife","floor":16.0},{"not_picked":["Tactician"],"picked":"SKIP","floor":18.0},{"not_picked":[],"picked":"Dodge and Roll+1","floor":21.0},{"not_picked":["Slice+1"],"picked":"SKIP","floor":24.0},{"not_picked":["Poisoned Stab"],"picked":"SKIP","floor":28.0},{"not_picked":["Reflex"],"picked":"SKIP","floor":30.0},{"not_picked":[],"picked":"Skewer","floor":31}],"player_experience":83613,"relics_obtained":[{"floor":9.0,"key":"Mummified Hand"},{"floor":10.0,"key":"Nunchaku"},{"floor":24.0,"key":"Bronze Scales"},{"floor":26.0,"key":"Tiny Chest"}],"event_choices":[{"damage_healed":0.0,"max_hp_gain":0.0,"max_hp_loss":0.0,"gold_gain":0.0,"event_name":"Golden Idol","player_choice":"Take Damage","floor":2.0,"gold_loss":0.0,"damage_taken":17.0,"relics_obtained":["Golden Idol"]},{"damage_healed":0.0,"max_hp_gain":0.0,"max_hp_loss":0.0,"gold_gain":75.0,"event_name":"World of Goop","player_choice":"Gather Gold","floor":3.0,"gold_loss":0.0,"damage_taken":11.0},{"cards_removed":["Strike_G"],"damage_healed":0.0,"max_hp_gain":0.0,"max_hp_loss":0.0,"gold_gain":0.0,"event_name":"Golden Wing","player_choice":"Card Removal","floor":7.0,"gold_loss":0.0,"damage_taken":7.0},{"damage_healed":0.0,"max_hp_gain":0.0,"max_hp_loss":0.0,"gold_gain":0.0,"event_name":"Forgotten Altar","player_choice":"Gave Idol","floor":20.0,"relics_lost":["Golden Idol"],"gold_loss":0.0,"damage_taken":0.0,"relics_obtained":["Bloody Idol"]},{"damage_healed":0.0,"max_hp_gain":0.0,"max_hp_loss":0.0,"gold_gain":0.0,"event_name":"Ghosts","player_choice":"Ignored","floor":22.0,"gold_loss":0.0,"damage_taken":0.0}],"is_beta":true,"boss_relics":[{"not_picked":["Snecko Eye","Coffee Dripper"],"picked":"Velvet Choker"}],"items_purged_floors":[],"is_endless":false,"potions_floor_spawned":[1,5,10,12,30,31],"killed_by":"Collector","ascension_level":2}