{"gold_per_floor":[117,127,127,202,202,202,235,185,239,254,254,288,298,315,315,420,420,440,440,440,451,469,469,482,115,115,115,130,130,130,146,146,249,249,264,264,280,280,280,280,300,328,328,328,328,344,344,355,355,355],"floor_reached":51,"playtime":2433,"items_purged":["Defend_G"],"score":776,"play_id":"aed0f529-3432-405a-8827-b9a5046f2284","local_time":"20191124214559","is_ascension_mode":true,"campfire_choices":[{"data":"Poisoned Stab","floor":6,"key":"SMITH"},{"data":"Neutralize","floor":11,"key":"SMITH"},{"data":"Deadly Poison","floor":15,"key":"SMITH"},{"data":"Burst","floor":23,"key":"SMITH"},{"data":"Backflip","floor":27,"key":"SMITH"},{"data":"Tactician","floor":32,"key":"SMITH"},{"data":"Dodge and Roll","floor":40,"key":"SMITH"},{"data":"Deflect","floor":47,"key":"SMITH"},{"data":"Tactician","floor":49,"key":"SMITH"}],"neow_cost":"NONE","seed_source_timestamp":975683537381577,"circlet_count":0,"master_deck":["Strike_G+1","Survivor+1","Neutralize+1","Predator","Poisoned Stab+1","Dodge and Roll+1","Deflect+1","Deadly Poison+1","Dodge and Roll+1","Backflip+1","Burst+1","PiercingWail","Sucker Punch+1","Calculated Gamble","Deadly Poison+1","Malaise","Tactician+1","Malaise","Calculated Gamble+1","Adrenaline+1","Bullet Time+1","Tactician+1","Catalyst+1","Doubt"],"relics":["Sozu","The Specimen","Akabeko","Bag of Preparation","Runic Pyramid","Lee\u0027s Waffle","Whetstone","Mercury Hourglass","Astrolabe","Oddly Smooth Stone","Anchor","Singing Bowl"],"potions_floor_usage":[],"damage_taken":[{"damage":0,"enemies":"2 Louse","floor":1,"turns":4},{"damage":2,"enemies":"Small Slimes","floor":2,"turns":4},{"damage":14,"enemies":"Gremlin Nob","floor":7,"turns":4},{"damage":0,"enemies":"Cultist","floor":10,"turns":3},{"damage":11,"enemies":"3 Sentries","floor":12,"turns":9},{"damage":0,"enemies":"3 Louse","floor":13,"turns":3},{"damage":7,"enemies":"Gremlin Gang","floor":14,"turns":4},{"damage":18,"enemies":"Hexaghost","floor":16,"turns":10},{"damage":4,"enemies":"Shell Parasite","floor":18,"turns":5},{"damage":0,"enemies":"Chosen","floor":21,"turns":3},{"damage":17,"enemies":"Snecko","floor":22,"turns":5},{"damage":0,"enemies":"Cultist and Chosen","floor":24,"turns":5},{"damage":0,"enemies":"Snake Plant","floor":28,"turns":4},{"damage":13,"enemies":"Shelled Parasite and Fungi","floor":31,"turns":4},{"damage":6,"enemies":"Automaton","floor":33,"turns":10},{"damage":8,"enemies":"3 Darklings","floor":35,"turns":5},{"damage":3,"enemies":"Orb Walker","floor":37,"turns":3},{"damage":0,"enemies":"Sphere and 2 Shapes","floor":41,"turns":5},{"damage":28,"enemies":"Reptomancer","floor":42,"turns":5},{"damage":0,"enemies":"Jaw Worm Horde","floor":46,"turns":2},{"damage":0,"enemies":"3 Darklings","floor":48,"turns":3},{"damage":74,"enemies":"Donu and Deca","floor":50,"turns":9}],"seed_played":"-9157346069372224757","potions_obtained":[],"is_trial":false,"path_per_floor":["M","M","?","?","?","R","E","?","T","M","R","E","M","M","R","B",null,"M","?","?","M","M","R","M","$","T","R","M","?","$","M","R","B",null,"M","?","M","?","$","R","M","E","T","?","?","M","R","M","R","B",null],"character_chosen":"THE_SILENT","items_purchased":["Lee\u0027s Waffle","Whetstone"],"campfire_rested":0,"item_purchase_floors":[25,25],"current_hp_per_floor":[70,68,68,57,70,70,56,56,56,56,56,45,45,38,38,20,70,66,66,66,66,49,49,49,77,77,77,77,77,77,64,64,58,77,69,69,66,66,66,66,66,38,38,77,77,79,79,81,81,7],"gold":355,"neow_bonus":"BOSS_RELIC","is_prod":false,"is_daily":false,"chose_seed":false,"campfire_upgraded":9,"win_rate":0,"timestamp":1574613959,"path_taken":["M","M","?","?","?","R","E","?","T","M","R","E","M","M","R","BOSS","M","?","?","M","M","R","?","$","T","R","M","?","$","M","R","BOSS","M","?","?","?","$","R","?","E","T","?","?","M","R","?","R","BOSS"],"build_version":"2019-10-30","purchased_purges":1,"victory":true,"max_hp_per_floor":[70,70,70,70,70,70,70,70,70,70,70,70,70,70,70,70,70,70,70,70,70,70,70,70,77,77,77,77,77,77,77,77,77,77,77,77,77,77,77,77,77,77,77,77,77,79,79,81,81,81],"card_choices":[{"not_picked":["Blade Dance","Slice"],"picked":"Predator","floor":1},{"not_picked":["Bane","Sucker Punch"],"picked":"Poisoned Stab","floor":2},{"not_picked":["Caltrops","Prepared"],"picked":"Dodge and Roll","floor":7},{"not_picked":["Dagger Spray","Dagger Throw"],"picked":"Deflect","floor":10},{"not_picked":["Reflex","Dagger Spray"],"picked":"Deadly Poison","floor":12},{"not_picked":["Slice","Deadly Poison"],"picked":"Dodge and Roll","floor":13},{"not_picked":["Venomology","Eviscerate"],"picked":"Backflip","floor":14},{"not_picked":["Night Terror","Venomology"],"picked":"Burst","floor":16},{"not_picked":["Dagger Throw","Sucker Punch"],"picked":"PiercingWail","floor":18},{"not_picked":["Flying Knee","Acrobatics","Underhanded Strike"],"picked":"SKIP","floor":21},{"not_picked":["Dodge and Roll","Outmaneuver","Poisoned Stab"],"picked":"SKIP","floor":22},{"not_picked":["Choke","Dodge and Roll"],"picked":"Malaise","floor":24},{"not_picked":["Underhanded Strike","Deadly Poison"],"picked":"Tactician","floor":28},{"not_picked":["Choke","Eviscerate","Backflip"],"picked":"SKIP","floor":31},{"not_picked":["Die Die Die","Storm of Steel"],"picked":"Malaise","floor":33},{"not_picked":["Blade Dance+1","Quick Slash","Underhanded Strike"],"picked":"SKIP","floor":35},{"not_picked":["Quick Slash+1","Outmaneuver"],"picked":"Tactician","floor":37},{"not_picked":["Skewer","Dodge and Roll"],"picked":"Catalyst+1","floor":41},{"not_picked":["Burst","Deadly Poison+1","Blade Dance"],"picked":"SKIP","floor":42},{"not_picked":["Endless Agony+1","Underhanded Strike+1","Flechettes+1"],"picked":"Singing Bowl","floor":46},{"not_picked":["Deadly Poison","Setup+1","Distraction"],"picked":"Singing Bowl","floor":48}],"player_experience":89976,"relics_obtained":[{"floor":7,"key":"The Specimen"},{"floor":9,"key":"Akabeko"},{"floor":12,"key":"Bag of Preparation"},{"floor":26,"key":"Mercury Hourglass"},{"floor":36,"key":"Oddly Smooth Stone"},{"floor":42,"key":"Anchor"},{"floor":43,"key":"Singing Bowl"}],"event_choices":[{"cards_removed":["Strike_G"],"damage_healed":0,"gold_gain":0,"player_choice":"Forget","damage_taken":0,"max_hp_gain":0,"max_hp_loss":0,"event_name":"Living Wall","floor":3,"gold_loss":0},{"damage_healed":0,"gold_gain":75,"player_choice":"Gather Gold","damage_taken":11,"max_hp_gain":0,"max_hp_loss":0,"event_name":"World of Goop","floor":4,"gold_loss":0},{"damage_healed":23,"gold_gain":0,"player_choice":"Banana","damage_taken":0,"max_hp_gain":0,"max_hp_loss":0,"event_name":"Big Fish","floor":5,"gold_loss":0},{"cards_removed":["Defend_G"],"damage_healed":0,"gold_gain":0,"player_choice":"Card Removal","damage_taken":0,"max_hp_gain":0,"max_hp_loss":0,"event_name":"The Cleric","floor":8,"gold_loss":50},{"damage_healed":0,"gold_gain":0,"cards_transformed":["Defend_G","Strike_G"],"player_choice":"Became Test Subject","damage_taken":0,"max_hp_gain":0,"max_hp_loss":0,"event_name":"Drug Dealer","floor":19,"gold_loss":0,"cards_obtained":["Sucker Punch","Calculated Gamble"]},{"damage_healed":0,"gold_gain":0,"player_choice":"Copied","damage_taken":0,"max_hp_gain":0,"max_hp_loss":0,"event_name":"Duplicator","floor":20,"gold_loss":0,"cards_obtained":["Deadly Poison"]},{"cards_removed":["Strike_G"],"damage_healed":0,"gold_gain":0,"player_choice":"Elegance","damage_taken":0,"max_hp_gain":0,"max_hp_loss":0,"event_name":"Back to Basics","floor":29,"gold_loss":0},{"damage_healed":0,"gold_gain":0,"player_choice":"Relic","damage_taken":0,"max_hp_gain":0,"max_hp_loss":0,"event_name":"Wheel of Change","floor":36,"gold_loss":0},{"damage_healed":0,"gold_gain":0,"player_choice":"Upgraded","damage_taken":0,"max_hp_gain":0,"max_hp_loss":0,"event_name":"Upgrade Shrine","floor":38,"gold_loss":0,"cards_upgraded":["Survivor"]},{"damage_healed":39,"gold_gain":0,"player_choice":"Heal","damage_taken":0,"max_hp_gain":0,"max_hp_loss":0,"event_name":"MindBloom","floor":44,"gold_loss":0,"cards_obtained":["Doubt"]},{"damage_healed":0,"gold_gain":0,"player_choice":"Forge","damage_taken":0,"max_hp_gain":0,"max_hp_loss":0,"event_name":"Accursed Blacksmith","floor":45,"gold_loss":0,"cards_upgraded":["Dodge and Roll"]}],"is_beta":true,"boss_relics":[{"not_picked":["Philosopher\u0027s Stone","SacredBark"],"picked":"Runic Pyramid"},{"not_picked":["Tiny House","Runic Dome"],"picked":"Astrolabe"}],"items_purged_floors":[25],"is_endless":false,"potions_floor_spawned":[2,7,13,16,18,28,31,33,35,37,42],"ascension_level":2}