{"gold_per_floor":[119,119,119,144,54,88,88,10,10,26,26,43,43,43,43,139,139,158,65,65,77,2,2,2,51,77,86,19,44,80,107,107,215,215,242,102,158,167,217,252,263,263,263,282,282,304,42,0,9,9],"floor_reached":51,"playtime":2085,"items_purged":["Defend_G"],"score":894,"play_id":"56a2fd6c-dff1-49b8-89b6-cfa268b722c5","local_time":"20191128233036","is_ascension_mode":true,"campfire_choices":[{"data":"Neutralize","floor":7.0,"key":"SMITH"},{"data":"Footwork","floor":15.0,"key":"SMITH"},{"data":"Forethought","floor":23.0,"key":"SMITH"},{"data":"Backflip","floor":32.0,"key":"SMITH"},{"floor":42,"key":"REST"},{"floor":49,"key":"REST"}],"neow_cost":"NONE","seed_source_timestamp":1327797003161361,"circlet_count":0,"master_deck":["Defend_G+1","Defend_G+1","Survivor","Neutralize+1","Catalyst","Footwork+1","Backflip+1","Flechettes+1","Flechettes+1","Crippling Poison","Deflect+1","Quick Slash+1","Deadly Poison","Forethought+1","Blur+1","Footwork","Noxious Fumes","PiercingWail+1","Leg Sweep+1","Tactician+1","Corpse Explosion","Flechettes+1","Phantasmal Killer","Terror+1","Writhe","PiercingWail","PiercingWail"],"special_seed":0,"relics":["Runic Pyramid","Bronze Scales","Molten Egg 2","Mercury Hourglass","Astrolabe","Tough Bandages","Anchor","CeramicFish","Singing Bowl","Empty Cage","StoneCalendar","Turnip","Dream Catcher","Du-Vu Doll","Kunai","Red Mask"],"potions_floor_usage":[41,50,50],"damage_taken":[{"damage":4.0,"enemies":"Small Slimes","floor":1.0,"turns":4.0},{"damage":14.0,"enemies":"3 Sentries","floor":6.0,"turns":9.0},{"damage":0.0,"enemies":"Jaw Worm","floor":10.0,"turns":3.0},{"damage":0.0,"enemies":"2 Louse","floor":12.0,"turns":1.0},{"damage":0.0,"enemies":"Hexaghost","floor":16.0,"turns":7.0},{"damage":0.0,"enemies":"Spheric Guardian","floor":18.0,"turns":4.0},{"damage":2.0,"enemies":"2 Thieves","floor":21.0,"turns":3.0},{"damage":2.0,"enemies":"Centurion and Healer","floor":29.0,"turns":4.0},{"damage":0.0,"enemies":"Gremlin Leader","floor":30.0,"turns":6.0},{"damage":2.0,"enemies":"Snecko","floor":31.0,"turns":5.0},{"damage":14.0,"enemies":"Automaton","floor":33.0,"turns":10.0},{"damage":0.0,"enemies":"3 Shapes","floor":35.0,"turns":4.0},{"damage":52.0,"enemies":"2 Orb Walkers","floor":37.0,"turns":6.0},{"damage":0.0,"enemies":"Mind Bloom Boss Battle","floor":39.0,"turns":7.0},{"damage":23.0,"enemies":"Nemesis","floor":40.0,"turns":7.0},{"damage":12,"enemies":"3 Darklings","floor":41,"turns":3},{"damage":2,"enemies":"Sphere and 2 Shapes","floor":44,"turns":6},{"damage":13,"enemies":"Jaw Worm Horde","floor":46,"turns":4},{"damage":28,"enemies":"Awakened One","floor":50,"turns":13}],"seed_played":"8776218730140609641","potions_obtained":[{"floor":12.0,"key":"Fire Potion"},{"floor":14.0,"key":"Block Potion"},{"floor":14.0,"key":"Energy Potion"},{"floor":16.0,"key":"Explosive Potion"},{"floor":21.0,"key":"LiquidMemories"},{"floor":29.0,"key":"LiquidBronze"},{"floor":33.0,"key":"Fire Potion"},{"floor":46,"key":"CunningPotion"}],"is_trial":false,"path_per_floor":["M","?","?","T","$","E","R","$","T","M","?","M","?","?","R","B",null,"M","$","T","M","?","R","?","T","T","?","$","M","E","M","R","B",null,"M","$","?","?","?","E","M","R","T","M","?","M","$","?","R","B",null],"character_chosen":"THE_SILENT","items_purchased":["Footwork","Explosive Potion","Flechettes+1","Forethought","Noxious Fumes","Phantasmal Killer","Kunai"],"campfire_rested":2,"item_purchase_floors":[5,5,8,19,28,36,47],"current_hp_per_floor":[66,52,45,45,45,31,31,31,31,31,31,31,31,31,31,31,70,70,70,70,68,68,68,68,68,68,68,68,66,66,64,64,50,70,70,70,18,36,38,17,7,31,31,31,31,18,18,18,42,14],"gold":9,"neow_bonus":"BOSS_RELIC","is_prod":false,"is_daily":false,"chose_seed":false,"campfire_upgraded":4,"win_rate":0,"timestamp":1574965836,"path_taken":["M","?","?","?","?","E","R","$","T","M","?","?","?","?","R","BOSS","M","?","?","?","?","R","?","?","T","?","$","?","E","M","R","BOSS","M","$","?","?","?","E","M","R","T","M","?","M","$","?","R","BOSS"],"build_version":"2019-10-30","purchased_purges":1,"victory":true,"max_hp_per_floor":[70,70,70,70,70,70,70,70,70,70,70,70,70,70,70,70,70,70,70,70,70,70,70,70,70,70,70,70,70,70,70,70,70,70,70,70,70,70,72,74,76,78,78,80,80,80,80,80,80,80],"card_choices":[{"not_picked":["Underhanded Strike","Expertise"],"picked":"Catalyst","floor":1.0},{"not_picked":["Setup","Underhanded Strike"],"picked":"Backflip","floor":6.0},{"not_picked":["Slice+1","Quick Slash+1"],"picked":"Flechettes+1","floor":10.0},{"not_picked":["Bane+1","Outmaneuver"],"picked":"Crippling Poison","floor":12.0},{"not_picked":["Backstab+1","Backflip"],"picked":"Deadly Poison","floor":18.0},{"not_picked":["Tactician","Dagger Spray+1"],"picked":"Blur+1","floor":21.0},{"not_picked":["Bane+1","Blade Dance+1"],"picked":"PiercingWail+1","floor":29.0},{"not_picked":["Dagger Spray+1","Cloak And Dagger"],"picked":"Leg Sweep+1","floor":30.0},{"not_picked":["Distraction","Outmaneuver"],"picked":"Tactician+1","floor":31.0},{"not_picked":["Wraith Form v2","After Image"],"picked":"Corpse Explosion","floor":33.0},{"not_picked":["Concentrate","Sucker Punch+1"],"picked":"Flechettes+1","floor":35.0},{"not_picked":["Skewer+1","Flying Knee+1"],"picked":"Terror+1","floor":37.0},{"not_picked":["Bane+1","Dagger Throw+1","Bouncing Flask+1"],"picked":"Singing Bowl","floor":39.0},{"not_picked":["Crippling Poison","Prepared+1","Flying Knee+1"],"picked":"Singing Bowl","floor":40.0},{"not_picked":["Bane+1","Masterful Stab+1","Setup+1"],"picked":"Singing Bowl","floor":41},{"not_picked":["Leg Sweep+1","Tactician+1","Quick Slash+1"],"picked":"Singing Bowl","floor":42},{"not_picked":["Unload+1","Bane+1","Noxious Fumes"],"picked":"Singing Bowl","floor":44},{"not_picked":["Bane+1","Crippling Poison+1"],"picked":"PiercingWail","floor":46},{"not_picked":["Dodge and Roll+1","Dagger Spray+1"],"picked":"PiercingWail","floor":49}],"player_experience":101369,"relics_obtained":[{"floor":4.0,"key":"Bronze Scales"},{"floor":6.0,"key":"Molten Egg 2"},{"floor":9.0,"key":"Mercury Hourglass"},{"floor":20.0,"key":"Tough Bandages"},{"floor":25.0,"key":"Anchor"},{"floor":26.0,"key":"CeramicFish"},{"floor":30.0,"key":"Singing Bowl"},{"floor":37.0,"key":"StoneCalendar"},{"floor":39.0,"key":"Turnip"},{"floor":40.0,"key":"Dream Catcher"},{"floor":43,"key":"Du-Vu Doll"}],"event_choices":[{"damage_healed":0.0,"max_hp_gain":0.0,"max_hp_loss":0.0,"gold_gain":0.0,"event_name":"Shining Light","player_choice":"Entered Light","floor":2.0,"gold_loss":0.0,"damage_taken":14.0,"cards_upgraded":["Defend_G","Defend_G"]},{"cards_removed":["Strike_G"],"damage_healed":0.0,"max_hp_gain":0.0,"max_hp_loss":0.0,"gold_gain":0.0,"event_name":"Golden Wing","player_choice":"Card Removal","floor":3.0,"gold_loss":0.0,"damage_taken":7.0},{"damage_healed":0.0,"max_hp_gain":0.0,"max_hp_loss":0.0,"gold_gain":0.0,"event_name":"Scrap Ooze","player_choice":"Fled","floor":11.0,"gold_loss":0.0,"damage_taken":0.0},{"damage_healed":0.0,"max_hp_gain":0.0,"max_hp_loss":0.0,"gold_gain":0.0,"event_name":"Dead Adventurer","player_choice":"Searched \u00270\u0027 times","floor":13.0,"gold_loss":0.0,"damage_taken":0.0},{"damage_healed":0.0,"max_hp_gain":0.0,"max_hp_loss":0.0,"gold_gain":0.0,"event_name":"Lab","player_choice":"Got Potions","floor":14.0,"gold_loss":0.0,"damage_taken":0.0},{"cards_removed":["Strike_G"],"damage_healed":0.0,"max_hp_gain":0.0,"max_hp_loss":0.0,"gold_gain":0.0,"event_name":"Beggar","player_choice":"Gave Gold","floor":22.0,"gold_loss":75.0,"damage_taken":0.0},{"damage_healed":0.0,"max_hp_gain":0.0,"max_hp_loss":0.0,"gold_gain":0.0,"event_name":"Ghosts","player_choice":"Ignored","floor":24.0,"gold_loss":0.0,"damage_taken":0.0},{"damage_healed":0.0,"max_hp_gain":0.0,"max_hp_loss":0.0,"gold_gain":0.0,"event_name":"The Library","player_choice":"Read","floor":27.0,"gold_loss":0.0,"damage_taken":0.0,"cards_obtained":["Footwork"]},{"damage_healed":0.0,"max_hp_gain":0.0,"max_hp_loss":0.0,"gold_gain":0.0,"event_name":"Mysterious Sphere","player_choice":"Fight","floor":37.0,"gold_loss":0.0,"damage_taken":0.0},{"damage_healed":18.0,"max_hp_gain":0.0,"max_hp_loss":0.0,"gold_gain":0.0,"event_name":"Winding Halls","player_choice":"Writhe","floor":38.0,"gold_loss":0.0,"damage_taken":0.0,"cards_obtained":["Writhe"]},{"damage_healed":0.0,"max_hp_gain":0.0,"max_hp_loss":0.0,"gold_gain":0.0,"event_name":"MindBloom","player_choice":"Fight","floor":39.0,"gold_loss":0.0,"damage_taken":0.0},{"cards_removed":["Skewer"],"damage_healed":0,"gold_gain":0,"player_choice":"Removed Attack","damage_taken":0,"max_hp_gain":0,"max_hp_loss":0,"event_name":"Falling","floor":45,"gold_loss":0},{"damage_healed":0,"gold_gain":0,"player_choice":"Paid","damage_taken":0,"relics_obtained":["Red Mask"],"max_hp_gain":0,"max_hp_loss":0,"event_name":"Tomb of Lord Red Mask","floor":48,"gold_loss":42}],"is_beta":true,"boss_relics":[{"not_picked":["WristBlade","Ectoplasm"],"picked":"Astrolabe"},{"not_picked":["HoveringKite","Sozu"],"picked":"Empty Cage"}],"items_purged_floors":[36],"is_endless":false,"potions_floor_spawned":[12,16,21,29,33,35,37,39,46],"ascension_level":3}