{"gold_per_floor":[109,124,74,74,74,74,7,30,56,83,83,98,109,140,140,140],"floor_reached":16,"playtime":714,"items_purged":[],"score":124,"play_id":"7d0de4f2-089b-4a7e-a68b-491aa412a506","local_time":"20191125203718","is_ascension_mode":true,"campfire_choices":[{"data":"Neutralize","floor":6.0,"key":"SMITH"},{"data":"Sucker Punch","floor":11,"key":"SMITH"},{"floor":15,"key":"REST"}],"neow_cost":"CURSE","seed_source_timestamp":1059670880656737,"circlet_count":0,"master_deck":["Strike_G","Strike_G","Strike_G","Defend_G","Defend_G","Defend_G","Defend_G","Defend_G","Survivor","Neutralize+1","Footwork","Footwork","Prepared","Footwork","Sucker Punch+1","Dagger Throw","Backflip","Deadly Poison"],"special_seed":0,"relics":["Ring of the Snake","Anchor","Nunchaku","Pen Nib","Akabeko","Vajra"],"potions_floor_usage":[10],"damage_taken":[{"damage":6.0,"enemies":"2 Louse","floor":1.0,"turns":6.0},{"damage":6.0,"enemies":"Small Slimes","floor":2.0,"turns":7.0},{"damage":12,"enemies":"Lagavulin","floor":10,"turns":17},{"damage":0,"enemies":"Cultist","floor":12,"turns":4},{"damage":1,"enemies":"Lots of Slimes","floor":13,"turns":5},{"damage":37,"enemies":"3 Sentries","floor":14,"turns":11},{"damage":25,"enemies":"Slime Boss","floor":16,"turns":10}],"seed_played":"2701558260723463791","potions_obtained":[{"floor":1.0,"key":"GhostInAJar"}],"is_trial":false,"path_per_floor":["M","M","?","?","?","R","$","T","T","E","R","M","M","E","R","B"],"character_chosen":"THE_SILENT","items_purchased":["Footwork"],"campfire_rested":1,"item_purchase_floors":[7],"current_hp_per_floor":[64,58,58,58,51,51,51,51,51,39,39,39,38,1,22,0],"gold":140,"neow_bonus":"TRANSFORM_TWO_CARDS","is_prod":false,"is_daily":false,"chose_seed":false,"campfire_upgraded":2,"win_rate":0,"timestamp":1574696238,"path_taken":["M","M","?","?","?","R","$","?","T","E","R","?","?","E","R","BOSS"],"build_version":"2019-10-30","purchased_purges":0,"victory":false,"max_hp_per_floor":[70,70,70,70,70,70,70,70,70,70,70,70,70,70,70,70],"card_choices":[{"not_picked":["Eviscerate","Flying Knee"],"picked":"Prepared","floor":1.0},{"not_picked":["Accuracy","Sucker Punch","Deflect"],"picked":"SKIP","floor":2.0},{"not_picked":["Deflect","Slice"],"picked":"Sucker Punch","floor":10},{"not_picked":["Sucker Punch","Backflip"],"picked":"Dagger Throw","floor":12},{"not_picked":["Escape Plan","Outmaneuver"],"picked":"Backflip","floor":13},{"not_picked":["Venomology","Prepared"],"picked":"Deadly Poison","floor":14}],"player_experience":98838,"relics_obtained":[{"floor":8,"key":"Nunchaku"},{"floor":9,"key":"Pen Nib"},{"floor":10,"key":"Akabeko"},{"floor":14,"key":"Vajra"}],"event_choices":[{"cards_removed":["Pain"],"damage_healed":0.0,"max_hp_gain":0.0,"max_hp_loss":0.0,"gold_gain":0.0,"event_name":"The Cleric","player_choice":"Card Removal","floor":3.0,"gold_loss":50.0,"damage_taken":0.0},{"damage_healed":0.0,"max_hp_gain":0.0,"max_hp_loss":0.0,"gold_gain":0.0,"event_name":"Big Fish","player_choice":"Box","floor":4.0,"gold_loss":0.0,"damage_taken":0.0,"relics_obtained":["Anchor"],"cards_obtained":["Regret"]},{"cards_removed":["Regret"],"damage_healed":0.0,"max_hp_gain":0.0,"max_hp_loss":0.0,"gold_gain":0.0,"event_name":"Golden Wing","player_choice":"Card Removal","floor":5.0,"gold_loss":0.0,"damage_taken":7.0}],"is_beta":true,"boss_relics":[],"items_purged_floors":[],"is_endless":false,"potions_floor_spawned":[1],"killed_by":"Slime Boss","ascension_level":3}