{"gold_per_floor":[111,111,127,137,157,187,187,204,283,297,314,326,351,36,36,134,134,134,134,134,134,134,134,134,134,134,134,134,134,0,0,0,0,0,0,0,0,0,0,0,0,0,0,0,0,0,0,0,0,0],"floor_reached":50,"playtime":1904,"items_purged":[],"score":552,"play_id":"83ad67ae-e923-42d3-859b-369e42e4bd60","local_time":"20191119114853","is_ascension_mode":true,"campfire_choices":[{"data":"Footwork","floor":7.0,"key":"SMITH"},{"floor":15,"key":"REST"},{"data":"Strike_G","floor":23,"key":"PURGE"},{"floor":28,"key":"DIG"},{"floor":32,"key":"REST"},{"floor":40,"key":"DIG"},{"data":"Defend_G","floor":42,"key":"PURGE"},{"floor":44,"key":"DIG"},{"floor":49,"key":"DIG"}],"neow_cost":"NONE","seed_source_timestamp":508314578261713,"circlet_count":0,"master_deck":["Strike_G","Strike_G","Strike_G","Defend_G","Defend_G","Defend_G","Defend_G","Survivor","Neutralize","Footwork+1","Decay","Backflip","Bouncing Flask","Prepared","Poisoned Stab","Escape Plan","Deadly Poison","Shame","Deadly Poison+1","Corpse Explosion","Master of Strategy","Leg Sweep+1","PiercingWail+1"],"special_seed":0,"relics":["Black Star","Frozen Egg 2","Lizard Tail","Eternal Feather","Snake Skull","Du-Vu Doll","Peace Pipe","Ectoplasm","GremlinMask","Paper Crane","Strawberry","Shovel","Gremlin Horn","Ornamental Fan","Velvet Choker","Red Mask","InkBottle","Bag of Preparation","Blood Vial","Blue Candle","Vajra","Art of War"],"potions_floor_usage":[13,13,18,22,33,35,46,50],"damage_taken":[{"damage":10.0,"enemies":"Jaw Worm","floor":1.0,"turns":8.0},{"damage":0.0,"enemies":"Cultist","floor":3.0,"turns":5.0},{"damage":1.0,"enemies":"2 Louse","floor":4.0,"turns":5.0},{"damage":10.0,"enemies":"Red Slaver","floor":5.0,"turns":5.0},{"damage":31.0,"enemies":"Gremlin Nob","floor":6.0,"turns":5.0},{"damage":0.0,"enemies":"Large Slime","floor":8.0,"turns":6.0},{"damage":10.0,"enemies":"Exordium Thugs","floor":10.0,"turns":5.0},{"damage":6.0,"enemies":"3 Louse","floor":11.0,"turns":5.0},{"damage":1.0,"enemies":"Exordium Wildlife","floor":12.0,"turns":4.0},{"damage":5,"enemies":"Lagavulin","floor":13,"turns":9},{"damage":25,"enemies":"The Guardian","floor":16,"turns":10},{"damage":0,"enemies":"Chosen","floor":18,"turns":6},{"damage":23,"enemies":"Spheric Guardian","floor":21,"turns":5},{"damage":23,"enemies":"Centurion and Healer","floor":22,"turns":8},{"damage":88,"enemies":"Gremlin Leader","floor":27,"turns":11},{"damage":15,"enemies":"Snake Plant","floor":29,"turns":3},{"damage":32,"enemies":"Automaton","floor":33,"turns":10},{"damage":16,"enemies":"3 Shapes","floor":35,"turns":4},{"damage":3,"enemies":"Orb Walker","floor":37,"turns":4},{"damage":10,"enemies":"3 Darklings","floor":41,"turns":3},{"damage":32,"enemies":"Nemesis","floor":46,"turns":7},{"damage":0,"enemies":"Jaw Worm Horde","floor":48,"turns":2},{"damage":65,"enemies":"Time Eater","floor":50,"turns":12}],"seed_played":"-3830839879909661219","potions_obtained":[{"floor":3.0,"key":"Regen Potion"},{"floor":4.0,"key":"DuplicationPotion"},{"floor":8.0,"key":"Swift Potion"},{"floor":12.0,"key":"Dexterity Potion"},{"floor":13,"key":"Regen Potion"},{"floor":16,"key":"AttackPotion"},{"floor":29,"key":"SpeedPotion"},{"floor":33,"key":"Fire Potion"},{"floor":35,"key":"AttackPotion"},{"floor":46,"key":"DuplicationPotion"}],"is_trial":false,"path_per_floor":["M","?","M","M","M","E","R","M","T","M","M","M","E","$","R","B",null,"M","?","?","M","M","R","?","$","T","E","R","M","?","$","R","B",null,"M","?","M","?","?","R","M","R","T","R","$","E","?","M","R","B"],"character_chosen":"THE_SILENT","items_purchased":["Peace Pipe"],"campfire_rested":2,"item_purchase_floors":[14],"current_hp_per_floor":[60,60,60,59,49,18,18,33,33,23,17,16,11,11,44,19,70,70,70,70,47,39,51,51,51,58,8,20,5,5,5,40,8,77,61,61,58,58,58,70,60,72,72,77,77,45,45,47,59,0],"gold":0,"neow_bonus":"BOSS_RELIC","is_prod":false,"is_daily":false,"chose_seed":false,"campfire_upgraded":1,"win_rate":0,"timestamp":1574146133,"path_taken":["M","?","M","?","M","E","R","?","T","M","M","M","E","$","R","BOSS","M","?","?","M","?","R","?","?","T","E","R","M","?","$","R","BOSS","M","?","M","?","?","R","?","R","T","R","$","E","?","M","R","BOSS"],"build_version":"2019-10-30","purchased_purges":0,"victory":false,"max_hp_per_floor":[70,70,70,70,70,70,70,70,70,70,70,70,70,70,70,70,70,70,70,70,70,70,70,70,70,77,77,77,77,77,77,77,77,77,77,77,77,77,77,77,77,77,77,77,77,77,73,73,73,73],"card_choices":[{"not_picked":["Outmaneuver","Backflip"],"picked":"Footwork","floor":1.0},{"not_picked":["Deflect","Prepared"],"picked":"Backflip","floor":3.0},{"not_picked":["Dagger Throw","Blade Dance"],"picked":"Bouncing Flask","floor":4.0},{"not_picked":["Doppelganger","Deflect"],"picked":"Prepared","floor":5.0},{"not_picked":["Blade Dance","Leg Sweep"],"picked":"Poisoned Stab","floor":6.0},{"not_picked":["Acrobatics","Outmaneuver"],"picked":"Escape Plan","floor":8.0},{"not_picked":["Outmaneuver","Concentrate","Poisoned Stab"],"picked":"SKIP","floor":10.0},{"not_picked":["Choke","Masterful Stab","Underhanded Strike"],"picked":"SKIP","floor":11.0},{"not_picked":["Cloak And Dagger","Quick Slash"],"picked":"Deadly Poison","floor":12.0},{"not_picked":["Setup","Storm of Steel","Slice"],"picked":"SKIP","floor":13},{"not_picked":["Eviscerate","Dodge and Roll","Quick Slash"],"picked":"SKIP","floor":18},{"not_picked":["All Out Attack+1","Dodge and Roll","Slice"],"picked":"SKIP","floor":21},{"not_picked":["Expertise","Predator","Poisoned Stab"],"picked":"SKIP","floor":22},{"not_picked":["Slice","Malaise"],"picked":"Deadly Poison+1","floor":27},{"not_picked":["Dagger Throw","Sucker Punch","Dash"],"picked":"SKIP","floor":29},{"not_picked":["Grand Finale","Phantasmal Killer"],"picked":"Corpse Explosion","floor":33},{"not_picked":["Deadly Poison","Well Laid Plans+1","Flying Knee+1"],"picked":"SKIP","floor":35},{"not_picked":["Mind Blast","Deep Breath"],"picked":"Master of Strategy","floor":36},{"not_picked":["Poisoned Stab","Finisher+1","Dodge and Roll"],"picked":"SKIP","floor":37},{"not_picked":["Masterful Stab+1","Prepared"],"picked":"Leg Sweep+1","floor":41},{"not_picked":["Poisoned Stab+1","Infinite Blades+1","Doppelganger"],"picked":"SKIP","floor":46},{"not_picked":["All Out Attack+1","Slice+1"],"picked":"PiercingWail+1","floor":48}],"player_experience":80730,"relics_obtained":[{"floor":6.0,"key":"Frozen Egg 2"},{"floor":6.0,"key":"Lizard Tail"},{"floor":9.0,"key":"Eternal Feather"},{"floor":13,"key":"Snake Skull"},{"floor":13,"key":"Du-Vu Doll"},{"floor":26,"key":"Strawberry"},{"floor":27,"key":"Shovel"},{"floor":27,"key":"Gremlin Horn"},{"floor":28,"key":"Ornamental Fan"},{"floor":40,"key":"InkBottle"},{"floor":43,"key":"Bag of Preparation"},{"floor":44,"key":"Blood Vial"},{"floor":46,"key":"Blue Candle"},{"floor":46,"key":"Vajra"},{"floor":49,"key":"Art of War"}],"event_choices":[{"damage_healed":0.0,"max_hp_gain":0.0,"max_hp_loss":0.0,"gold_gain":0.0,"event_name":"Wheel of Change","player_choice":"Cursed","floor":2.0,"gold_loss":0.0,"damage_taken":0.0,"cards_obtained":["Decay"]},{"damage_healed":0,"gold_gain":99,"player_choice":"Stole From Cult","damage_taken":0,"max_hp_gain":0,"max_hp_loss":0,"event_name":"Nest","floor":19,"gold_loss":0},{"damage_healed":0,"gold_gain":0,"player_choice":"Trade","damage_taken":0,"relics_obtained":["GremlinMask"],"max_hp_gain":0,"max_hp_loss":0,"event_name":"FaceTrader","floor":20,"gold_loss":0},{"damage_healed":0,"gold_gain":0,"player_choice":"Stole Relic","damage_taken":0,"relics_obtained":["Paper Crane"],"max_hp_gain":0,"max_hp_loss":0,"event_name":"Addict","floor":24,"gold_loss":0,"cards_obtained":["Shame"]},{"damage_healed":0,"gold_gain":0,"player_choice":"Paid Fearfully","damage_taken":0,"max_hp_gain":0,"max_hp_loss":0,"event_name":"Masked Bandits","floor":30,"gold_loss":134},{"damage_healed":0,"gold_gain":0,"player_choice":"Memory 1","damage_taken":0,"max_hp_gain":0,"max_hp_loss":0,"event_name":"SensoryStone","floor":36,"gold_loss":0},{"cards_removed":["Strike_G"],"damage_healed":0,"gold_gain":0,"player_choice":"Removed Attack","damage_taken":0,"max_hp_gain":0,"max_hp_loss":0,"event_name":"Falling","floor":38,"gold_loss":0},{"damage_healed":0,"gold_gain":0,"player_choice":"Paid","damage_taken":0,"relics_obtained":["Red Mask"],"max_hp_gain":0,"max_hp_loss":0,"event_name":"Tomb of Lord Red Mask","floor":39,"gold_loss":0},{"damage_healed":0,"gold_gain":0,"player_choice":"Max HP","damage_taken":0,"max_hp_gain":0,"max_hp_loss":4,"event_name":"Winding Halls","floor":47,"gold_loss":0}],"is_beta":true,"boss_relics":[{"not_picked":["HoveringKite","Tiny House"],"picked":"Ectoplasm"},{"not_picked":["WristBlade","SlaversCollar"],"picked":"Velvet Choker"}],"items_purged_floors":[],"is_endless":false,"potions_floor_spawned":[3,4,8,12,13,16,29,33,35,46],"killed_by":"Time Eater","ascension_level":2}