{"gold_per_floor":[114,114,134,97,76,76,90,100,125,139,139,139,58,136,136,241,241,254,281,133,133,149,149,109,163,189,189,108,108,138,88,88,184,184,203,203,280,298,315,315,327,327,352,60,73,87,87,87,87,87],"floor_reached":51,"playtime":1468,"items_purged":["Doubt"],"score":707,"play_id":"ab22917e-fc8e-4314-a678-70375553cd36","local_time":"20191117193445","is_ascension_mode":true,"campfire_choices":[{"data":"Catalyst","floor":6.0,"key":"SMITH"},{"data":"Burst","floor":12.0,"key":"SMITH"},{"data":"Skewer","floor":15.0,"key":"SMITH"},{"floor":23.0,"key":"RECALL"},{"data":"Footwork","floor":29.0,"key":"SMITH"},{"data":"Catalyst","floor":32.0,"key":"SMITH"},{"data":"Survivor","floor":40.0,"key":"SMITH"},{"data":"Deadly Poison","floor":49.0,"key":"SMITH"}],"neow_cost":"NONE","seed_source_timestamp":363847579384498,"circlet_count":0,"master_deck":["Strike_G+1","Strike_G","Strike_G+1","Survivor+1","Neutralize","Catalyst+1","Burst+1","Skewer+1","Poisoned Stab","Bouncing Flask","Bouncing Flask","Catalyst+1","Footwork+1","Catalyst","Corpse Explosion","Terror+1","Acrobatics+1","Footwork+1","Escape Plan+1","Writhe","Calculated Gamble+1","Distraction+1","Dodge and Roll","Blur","Good Instincts","Deadly Poison+1","Caltrops+1"],"special_seed":0,"relics":["Coffee Dripper","Snake Skull","Tiny Chest","Mummified Hand","Empty Cage","Red Mask","Juzu Bracelet","Boot","MealTicket","Oddly Smooth Stone","Astrolabe","Sundial","Pen Nib"],"potions_floor_usage":[],"damage_taken":[{"damage":0.0,"enemies":"Small Slimes","floor":1.0,"turns":5.0},{"damage":3.0,"enemies":"Jaw Worm","floor":3.0,"turns":3.0},{"damage":2.0,"enemies":"2 Louse","floor":7.0,"turns":3.0},{"damage":2.0,"enemies":"Blue Slaver","floor":8.0,"turns":5.0},{"damage":3.0,"enemies":"Exordium Thugs","floor":10.0,"turns":6.0},{"damage":22.0,"enemies":"Slime Boss","floor":16.0,"turns":9.0},{"damage":12.0,"enemies":"3 Byrds","floor":18.0,"turns":7.0},{"damage":43.0,"enemies":"Masked Bandits","floor":19.0,"turns":6.0},{"damage":0.0,"enemies":"Chosen","floor":22.0,"turns":3.0},{"damage":12.0,"enemies":"Book of Stabbing","floor":30.0,"turns":4.0},{"damage":20.0,"enemies":"Collector","floor":33.0,"turns":3.0},{"damage":12.0,"enemies":"3 Darklings","floor":35.0,"turns":2.0},{"damage":7.0,"enemies":"Orb Walker","floor":38.0,"turns":3.0},{"damage":10.0,"enemies":"Sphere and 2 Shapes","floor":39.0,"turns":3.0},{"damage":38.0,"enemies":"Jaw Worm Horde","floor":41.0,"turns":4.0},{"damage":0.0,"enemies":"Transient","floor":45.0,"turns":3.0},{"damage":13.0,"enemies":"3 Darklings","floor":46.0,"turns":4.0},{"damage":30,"enemies":"Time Eater","floor":50,"turns":6}],"seed_played":"-7324498086335456318","potions_obtained":[{"floor":7.0,"key":"DistilledChaos"},{"floor":8.0,"key":"SteroidPotion"},{"floor":10.0,"key":"FairyPotion"},{"floor":18.0,"key":"CultistPotion"},{"floor":22.0,"key":"EntropicBrew"},{"floor":35.0,"key":"BlessingOfTheForge"},{"floor":45.0,"key":"FearPotion"},{"floor":48.0,"key":"AttackPotion"}],"is_trial":false,"path_per_floor":["M","?","M","$","?","R","M","M","T","M","?","R","$","T","R","B",null,"M","?","$","?","M","R","$","T","T","?","$","R","E","?","R","B",null,"M","?","T","M","M","R","M","?","T","$","M","M","$","?","R","B",null],"character_chosen":"THE_SILENT","items_purchased":["Catalyst","Skewer","Juzu Bracelet","Footwork","Catalyst","Blur","Good Instincts","Swift Potion"],"campfire_rested":0,"item_purchase_floors":[4,13,20,24,28,44,44,44],"current_hp_per_floor":[70,56,53,53,53,53,51,49,49,46,39,39,39,39,39,17,70,58,15,15,15,15,15,15,15,15,15,30,30,18,18,18,21,70,58,70,70,63,53,53,15,70,70,70,70,57,70,70,70,40],"gold":87,"neow_bonus":"BOSS_RELIC","is_prod":false,"is_daily":false,"chose_seed":false,"campfire_upgraded":7,"win_rate":0,"timestamp":1574001285,"path_taken":["M","?","M","$","?","R","M","M","T","M","?","R","$","?","R","BOSS","M","?","$","?","M","R","$","?","T","?","$","R","E","?","R","BOSS","M","?","?","M","M","R","M","?","T","$","M","M","$","?","R","BOSS"],"build_version":"2019-10-30","purchased_purges":1,"victory":true,"max_hp_per_floor":[70,70,70,70,70,70,70,70,70,70,70,70,70,70,70,70,70,70,70,70,70,70,70,70,70,70,70,70,70,70,70,70,70,70,70,70,70,70,70,70,70,70,70,70,70,70,70,70,70,70],"card_choices":[{"not_picked":["Cloak And Dagger","Poisoned Stab","Dash"],"picked":"SKIP","floor":1.0},{"not_picked":["Predator","Underhanded Strike","Dagger Throw"],"picked":"SKIP","floor":3.0},{"not_picked":["Sucker Punch","Dagger Spray","Bane"],"picked":"SKIP","floor":7.0},{"not_picked":["Flying Knee","Quick Slash"],"picked":"Burst","floor":8.0},{"not_picked":["Dagger Throw","Calculated Gamble","Flechettes"],"picked":"SKIP","floor":10.0},{"not_picked":["Dodge and Roll","Backflip"],"picked":"Poisoned Stab","floor":18.0},{"not_picked":["Deflect","Quick Slash"],"picked":"Catalyst","floor":22.0},{"not_picked":["Dagger Throw","Cloak And Dagger","Tactician+1"],"picked":"SKIP","floor":30.0},{"not_picked":["After Image","Night Terror"],"picked":"Corpse Explosion","floor":33.0},{"not_picked":["Acrobatics+1","Dagger Spray+1"],"picked":"Escape Plan+1","floor":35.0},{"not_picked":["Infinite Blades","Accuracy+1"],"picked":"Calculated Gamble+1","floor":38.0},{"not_picked":["Bane+1","Prepared"],"picked":"Distraction+1","floor":39.0},{"not_picked":["Underhanded Strike+1","Dodge and Roll","Blade Dance"],"picked":"SKIP","floor":41.0},{"not_picked":["Underhanded Strike+1","Blade Dance"],"picked":"Dodge and Roll","floor":41.0},{"not_picked":["Terror","Quick Slash+1"],"picked":"Deadly Poison","floor":45.0},{"not_picked":["Sucker Punch","Predator"],"picked":"Caltrops+1","floor":46.0}],"player_experience":70027,"relics_obtained":[{"floor":9.0,"key":"Snake Skull"},{"floor":14.0,"key":"Mummified Hand"},{"floor":19.0,"key":"Red Mask"},{"floor":25.0,"key":"Boot"},{"floor":26.0,"key":"MealTicket"},{"floor":30.0,"key":"Oddly Smooth Stone"},{"floor":37.0,"key":"Sundial"},{"floor":43.0,"key":"Pen Nib"}],"event_choices":[{"damage_healed":0.0,"max_hp_gain":0.0,"max_hp_loss":0.0,"gold_gain":0.0,"event_name":"Shining Light","player_choice":"Entered Light","floor":2.0,"gold_loss":0.0,"damage_taken":14.0,"cards_upgraded":["Strike_G","Strike_G"]},{"damage_healed":0.0,"max_hp_gain":0.0,"max_hp_loss":0.0,"gold_gain":0.0,"event_name":"World of Goop","player_choice":"Left Gold","floor":5.0,"gold_loss":21.0,"damage_taken":0.0},{"damage_healed":0.0,"max_hp_gain":0.0,"max_hp_loss":0.0,"gold_gain":0.0,"event_name":"Scrap Ooze","player_choice":"Success","floor":11.0,"gold_loss":0.0,"damage_taken":7.0,"relics_obtained":["Tiny Chest"]},{"damage_healed":0.0,"max_hp_gain":0.0,"max_hp_loss":0.0,"gold_gain":0.0,"event_name":"Masked Bandits","player_choice":"Fought Bandits","floor":19.0,"gold_loss":0.0,"damage_taken":0.0},{"damage_healed":0.0,"max_hp_gain":0.0,"max_hp_loss":0.0,"gold_gain":0.0,"cards_transformed":["Defend_G","Defend_G"],"event_name":"Drug Dealer","player_choice":"Became Test Subject","floor":21.0,"gold_loss":0.0,"damage_taken":0.0,"cards_obtained":["Bouncing Flask","Bouncing Flask"]},{"damage_healed":0.0,"max_hp_gain":0.0,"max_hp_loss":0.0,"gold_gain":0.0,"event_name":"Beggar","player_choice":"Ignored","floor":27.0,"gold_loss":0.0,"damage_taken":0.0},{"damage_healed":0.0,"max_hp_gain":0.0,"max_hp_loss":0.0,"gold_gain":0.0,"event_name":"The Joust","player_choice":"Bet on Owner","floor":31.0,"gold_loss":50.0,"damage_taken":0.0},{"damage_healed":18.0,"max_hp_gain":0.0,"max_hp_loss":0.0,"gold_gain":0.0,"event_name":"Winding Halls","player_choice":"Writhe","floor":36.0,"gold_loss":0.0,"damage_taken":0.0,"cards_obtained":["Writhe"]},{"damage_healed":55.0,"max_hp_gain":0.0,"max_hp_loss":0.0,"gold_gain":0.0,"event_name":"MindBloom","player_choice":"Heal","floor":42.0,"gold_loss":0.0,"damage_taken":0.0,"cards_obtained":["Doubt"]},{"damage_healed":0.0,"max_hp_gain":0.0,"max_hp_loss":0.0,"gold_gain":0.0,"event_name":"Lab","player_choice":"Got Potions","floor":48.0,"gold_loss":0.0,"damage_taken":0.0}],"is_beta":true,"boss_relics":[{"not_picked":["WristBlade","Velvet Choker"],"picked":"Empty Cage"},{"not_picked":["Cursed Key","Pandora\u0027s Box"],"picked":"Astrolabe"}],"items_purged_floors":[44],"is_endless":false,"potions_floor_spawned":[7,8,10,18,22,35,45],"ascension_level":1}