{"gold_per_floor":[111,111,111,129,141,166,178,178,203,203,223,235,235,235],"floor_reached":14,"playtime":463,"items_purged":[],"score":110,"play_id":"12d50cca-a1b5-4d90-8074-9ce61f22afe7","local_time":"20191206230655","is_ascension_mode":true,"campfire_choices":[{"floor":8,"key":"REST"},{"floor":13,"key":"REST"}],"neow_cost":"NONE","seed_source_timestamp":2019409480521737,"circlet_count":0,"master_deck":["Strike_G","Strike_G","Strike_G","Strike_G","Strike_G","Defend_G","Defend_G","Defend_G","Defend_G","Defend_G","Survivor","Neutralize","CurseOfTheBell","Acrobatics","Concentrate","Deflect","Blade Dance","Leg Sweep"],"relics":["Calling Bell","Orichalcum","Pear","Unceasing Top","Ancient Tea Set","Tiny Chest"],"potions_floor_usage":[6,6,7],"damage_taken":[{"damage":2,"enemies":"Jaw Worm","floor":1,"turns":6},{"damage":2,"enemies":"Cultist","floor":4,"turns":4},{"damage":0,"enemies":"2 Louse","floor":5,"turns":2},{"damage":53,"enemies":"Lagavulin","floor":6,"turns":7},{"damage":8,"enemies":"2 Fungi Beasts","floor":7,"turns":4},{"damage":8,"enemies":"Looter","floor":11,"turns":4},{"damage":26,"enemies":"Gremlin Gang","floor":12,"turns":6},{"damage":0,"enemies":"2 Fungi Beasts","floor":14,"turns":1}],"seed_played":"8247473553553202278","potions_obtained":[{"floor":1,"key":"SkillPotion"},{"floor":5,"key":"AttackPotion"},{"floor":6,"key":"Swift Potion"},{"floor":12,"key":"FearPotion"}],"is_trial":false,"path_per_floor":["M","$","?","M","M","E","M","R","T","?","M","M","R","M"],"character_chosen":"THE_SILENT","items_purchased":[],"campfire_rested":2,"item_purchase_floors":[],"current_hp_per_floor":[78,78,78,76,76,23,15,39,39,39,31,5,29,29],"gold":235,"neow_bonus":"BOSS_RELIC","is_prod":false,"is_daily":false,"chose_seed":false,"campfire_upgraded":0,"win_rate":0,"timestamp":1575655615,"path_taken":["M","$","?","M","?","E","M","R","T","?","M","M","R","M"],"build_version":"2019-10-30","purchased_purges":0,"victory":false,"max_hp_per_floor":[80,80,80,80,80,80,80,80,80,80,80,80,80,80],"card_choices":[{"not_picked":["Flechettes","Caltrops"],"picked":"Acrobatics","floor":1},{"not_picked":["Backflip","Dash"],"picked":"Concentrate","floor":4},{"not_picked":["Doppelganger","Riddle With Holes"],"picked":"Deflect","floor":5},{"not_picked":["Quick Slash","Backflip"],"picked":"Blade Dance","floor":6},{"not_picked":["Cloak And Dagger","Catalyst","All Out Attack"],"picked":"SKIP","floor":7},{"not_picked":["Poisoned Stab","Die Die Die","Dodge and Roll"],"picked":"SKIP","floor":11},{"not_picked":["Slice","Deadly Poison"],"picked":"Leg Sweep","floor":12}],"player_experience":118839,"relics_obtained":[{"floor":0,"key":"Orichalcum"},{"floor":0,"key":"Pear"},{"floor":0,"key":"Unceasing Top"},{"floor":6,"key":"Ancient Tea Set"},{"floor":9,"key":"Tiny Chest"}],"event_choices":[{"damage_healed":0,"gold_gain":0,"player_choice":"Bought 0 Potions","damage_taken":0,"max_hp_gain":0,"max_hp_loss":0,"event_name":"The Woman in Blue","floor":3,"gold_loss":0},{"damage_healed":0,"gold_gain":0,"player_choice":"Searched \u00270\u0027 times","damage_taken":0,"max_hp_gain":0,"max_hp_loss":0,"event_name":"Dead Adventurer","floor":10,"gold_loss":0}],"is_beta":true,"boss_relics":[],"items_purged_floors":[],"is_endless":false,"potions_floor_spawned":[1,5,6,12],"killed_by":"2 Fungi Beasts","ascension_level":4}