{"gold_per_floor":[112,112,112,130,80,112,112,187,187,187,204,214,214,226,226,328,328,301,301,317,337,247,247],"floor_reached":23,"playtime":742,"items_purged":[],"score":259,"play_id":"ed2685b3-5815-40fd-a4cf-9ab5772f4ff3","local_time":"20191209202736","is_ascension_mode":true,"campfire_choices":[{"data":"Backflip","floor":7,"key":"SMITH"},{"data":"Predator","floor":10,"key":"SMITH"},{"data":"Deadly Poison","floor":13,"key":"SMITH"},{"data":"Neutralize","floor":15,"key":"SMITH"}],"neow_cost":"NONE","seed_source_timestamp":2268790859393816,"circlet_count":0,"master_deck":["Strike_G","Strike_G","Strike_G","Defend_G","Defend_G","Defend_G","Defend_G+1","Survivor","Neutralize+1","Backflip+1","Predator+1","Deadly Poison+1","PiercingWail","Wraith Form v2","Escape Plan","Sucker Punch"],"relics":["Ring of the Snake","NeowsBlessing","Art of War","Eternal Feather","Gremlin Horn","Black Star"],"potions_floor_usage":[14,16,21,23],"damage_taken":[{"damage":0,"enemies":"Cultist","floor":1,"turns":1},{"damage":0,"enemies":"Small Slimes","floor":4,"turns":1},{"damage":0,"enemies":"Gremlin Nob","floor":6,"turns":1},{"damage":0,"enemies":"2 Louse","floor":11,"turns":2},{"damage":0,"enemies":"Blue Slaver","floor":12,"turns":3},{"damage":14,"enemies":"Exordium Thugs","floor":14,"turns":5},{"damage":48,"enemies":"Slime Boss","floor":16,"turns":17},{"damage":25,"enemies":"2 Thieves","floor":18,"turns":5},{"damage":8,"enemies":"Spheric Guardian","floor":20,"turns":6},{"damage":22,"enemies":"Shelled Parasite and Fungi","floor":21,"turns":9},{"damage":17,"enemies":"Slavers","floor":23,"turns":1}],"seed_played":"7864030246154722856","potions_obtained":[{"floor":1,"key":"SkillPotion"},{"floor":6,"key":"Weak Potion"},{"floor":14,"key":"SpeedPotion"},{"floor":21,"key":"Strength Potion"}],"is_trial":false,"path_per_floor":["M","T","?","M","?","E","R","?","T","R","M","M","R","M","R","B",null,"M","?","M","M","?","E"],"character_chosen":"THE_SILENT","items_purchased":[],"campfire_rested":0,"item_purchase_floors":[],"current_hp_per_floor":[70,70,70,70,70,70,70,59,59,65,65,65,70,56,65,17,70,45,45,37,15,15,0],"gold":247,"neow_bonus":"THREE_ENEMY_KILL","is_prod":false,"is_daily":false,"chose_seed":false,"campfire_upgraded":4,"win_rate":0,"timestamp":1575905256,"path_taken":["M","?","?","?","?","E","R","?","T","R","?","M","R","M","R","BOSS","M","?","?","M","?","E"],"build_version":"2019-10-30","purchased_purges":0,"victory":false,"max_hp_per_floor":[70,70,70,70,70,70,70,70,70,70,70,70,70,70,70,70,70,70,70,70,70,70,70],"card_choices":[{"not_picked":["Backstab","Bane"],"picked":"Backflip","floor":1},{"not_picked":["Infinite Blades","Poisoned Stab"],"picked":"Predator","floor":4},{"not_picked":["Poisoned Stab","Bane","Sucker Punch"],"picked":"SKIP","floor":6},{"not_picked":["Quick Slash","Backflip"],"picked":"Deadly Poison","floor":11},{"not_picked":["Eviscerate","Sucker Punch"],"picked":"PiercingWail","floor":12},{"not_picked":["Doppelganger","Flechettes","Deflect"],"picked":"SKIP","floor":14},{"not_picked":["Envenom","A Thousand Cuts"],"picked":"Wraith Form v2","floor":16},{"not_picked":["Tactician","Eviscerate","Outmaneuver"],"picked":"SKIP","floor":18},{"not_picked":["Prepared","Cloak And Dagger"],"picked":"Escape Plan","floor":20},{"not_picked":["Cloak And Dagger","Acrobatics+1"],"picked":"Sucker Punch","floor":21}],"player_experience":122692,"relics_obtained":[{"floor":2,"key":"Art of War"},{"floor":6,"key":"Eternal Feather"},{"floor":9,"key":"Gremlin Horn"}],"event_choices":[{"damage_healed":0,"gold_gain":0,"player_choice":"Bought 0 Potions","damage_taken":0,"max_hp_gain":0,"max_hp_loss":0,"event_name":"The Woman in Blue","floor":3,"gold_loss":0},{"cards_removed":["Strike_G"],"damage_healed":0,"gold_gain":0,"player_choice":"Card Removal","damage_taken":0,"max_hp_gain":0,"max_hp_loss":0,"event_name":"The Cleric","floor":5,"gold_loss":50},{"damage_healed":0,"gold_gain":75,"player_choice":"Gather Gold","damage_taken":11,"max_hp_gain":0,"max_hp_loss":0,"event_name":"World of Goop","floor":8,"gold_loss":0},{"cards_removed":["Strike_G"],"damage_healed":0,"gold_gain":0,"player_choice":"Purged","damage_taken":0,"max_hp_gain":0,"max_hp_loss":0,"event_name":"Purifier","floor":19,"gold_loss":0},{"cards_removed":["Defend_G"],"damage_healed":0,"gold_gain":0,"player_choice":"Upgrade and Remove","damage_taken":0,"max_hp_gain":0,"max_hp_loss":0,"event_name":"Designer","floor":22,"gold_loss":90,"cards_upgraded":["Defend_G"]}],"is_beta":true,"boss_relics":[{"not_picked":["Fusion Hammer","Tiny House"],"picked":"Black Star"}],"items_purged_floors":[],"is_endless":false,"potions_floor_spawned":[1,6,14,21],"killed_by":"Slavers","ascension_level":4}