{"gold_per_floor":[113,63,63,40,40,40,63,63,109,129,144,144,157,176,176,176],"floor_reached":16,"playtime":413,"items_purged":[],"score":110,"play_id":"a0a01074-ea5c-4dfe-8790-f523970653c8","local_time":"20191210144755","is_ascension_mode":true,"campfire_choices":[{"data":"Backflip","floor":6,"key":"SMITH"},{"data":"Deadly Poison","floor":8,"key":"SMITH"},{"data":"Neutralize","floor":12,"key":"SMITH"},{"data":"Flechettes","floor":15,"key":"SMITH"}],"neow_cost":"NONE","seed_source_timestamp":2335143060809956,"circlet_count":0,"master_deck":["Strike_G","Strike_G","Strike_G","Defend_G","Defend_G","Defend_G","Defend_G","Defend_G","Survivor","Neutralize+1","Deadly Poison+1","Injury","Backflip+1","Flechettes+1","Blur","Caltrops"],"relics":["Coffee Dripper","Golden Idol","Bronze Scales"],"potions_floor_usage":[11],"damage_taken":[{"damage":1,"enemies":"2 Louse","floor":1,"turns":4},{"damage":0,"enemies":"Jaw Worm","floor":7,"turns":4},{"damage":0,"enemies":"Cultist","floor":10,"turns":4},{"damage":15,"enemies":"Lots of Slimes","floor":11,"turns":5},{"damage":0,"enemies":"Blue Slaver","floor":13,"turns":3},{"damage":17,"enemies":"Large Slime","floor":14,"turns":8},{"damage":48,"enemies":"Slime Boss","floor":16,"turns":6}],"seed_played":"-7412699708010959848","potions_obtained":[{"floor":7,"key":"SkillPotion"},{"floor":11,"key":"SpeedPotion"}],"is_trial":false,"path_per_floor":["M","?","?","$","?","R","M","R","T","M","M","R","M","M","R","B"],"character_chosen":"THE_SILENT","items_purchased":["Backflip"],"campfire_rested":0,"item_purchase_floors":[4],"current_hp_per_floor":[69,69,69,69,69,69,69,69,69,69,54,54,54,37,37,0],"gold":176,"neow_bonus":"BOSS_RELIC","is_prod":false,"is_daily":false,"chose_seed":false,"campfire_upgraded":4,"win_rate":0,"timestamp":1575971275,"path_taken":["M","?","?","$","?","R","M","R","T","M","M","R","M","?","R","BOSS"],"build_version":"2019-10-30","purchased_purges":0,"victory":false,"max_hp_per_floor":[70,70,70,70,70,70,70,70,70,70,70,70,70,70,70,70],"card_choices":[{"not_picked":["Dagger Throw","Poisoned Stab"],"picked":"Deadly Poison","floor":1},{"not_picked":["PiercingWail","Cloak And Dagger","Underhanded Strike"],"picked":"SKIP","floor":7},{"not_picked":["Infinite Blades","Cloak And Dagger","Distraction"],"picked":"SKIP","floor":10},{"not_picked":["Distraction","Flying Knee"],"picked":"Flechettes","floor":11},{"not_picked":["Flechettes","Setup"],"picked":"Blur","floor":13},{"not_picked":["Backflip","Tools of the Trade"],"picked":"Caltrops","floor":14}],"player_experience":123957,"relics_obtained":[{"floor":9,"key":"Bronze Scales"}],"event_choices":[{"cards_removed":["Strike_G"],"damage_healed":0,"gold_gain":0,"player_choice":"Card Removal","damage_taken":0,"max_hp_gain":0,"max_hp_loss":0,"event_name":"The Cleric","floor":2,"gold_loss":50},{"damage_healed":0,"gold_gain":0,"player_choice":"Take Wound","damage_taken":0,"relics_obtained":["Golden Idol"],"max_hp_gain":0,"max_hp_loss":0,"event_name":"Golden Idol","floor":3,"gold_loss":0,"cards_obtained":["Injury"]},{"cards_removed":["Strike_G"],"damage_healed":0,"gold_gain":0,"player_choice":"Offered Basic","damage_taken":0,"max_hp_gain":0,"max_hp_loss":0,"event_name":"Bonfire Elementals","floor":5,"gold_loss":0}],"is_beta":true,"boss_relics":[],"items_purged_floors":[],"is_endless":false,"potions_floor_spawned":[7,11],"killed_by":"Slime Boss","ascension_level":4}