{"gold_per_floor":[110,110,16,35,54,54,54,54,54,54,66,66,28,103,103,202,202,219,219,229,229,3,3,3,18,45,45,56,56,74,93,93,196,196,214,214,214,214,214,214,214,225,225,242,255,255,109,120,120,120],"floor_reached":50,"playtime":1412,"items_purged":["Defend_G","Strike_G"],"score":538,"play_id":"5119880b-63e0-4ffb-9687-27fce1c2f3b9","local_time":"20191213194522","is_ascension_mode":true,"campfire_choices":[{"data":"Dagger Spray","floor":6.0,"key":"SMITH"},{"data":"Poisoned Stab","floor":8.0,"key":"SMITH"},{"data":"Neutralize","floor":10.0,"key":"SMITH"},{"data":"Dagger Throw","floor":12.0,"key":"SMITH"},{"data":"Crippling Poison","floor":15.0,"key":"SMITH"},{"data":"Footwork","floor":23.0,"key":"SMITH"},{"data":"Poisoned Stab","floor":27.0,"key":"SMITH"},{"data":"Bane","floor":29.0,"key":"SMITH"},{"floor":32.0,"key":"REST"},{"data":"Catalyst","floor":40.0,"key":"SMITH"},{"data":"J.A.X.","floor":41.0,"key":"SMITH"},{"floor":46.0,"key":"REST"},{"floor":49,"key":"REST"}],"neow_cost":"NONE","seed_source_timestamp":2611171815246408,"circlet_count":0,"master_deck":["Defend_G","Defend_G","Defend_G","Survivor","Neutralize+1","Poisoned Stab+1","Dagger Throw+1","Footwork+1","Leg Sweep","Crippling Poison+1","Adrenaline","Bane+1","J.A.X.+1","Poisoned Stab+1","Backflip","Catalyst+1","Corpse Explosion","Flying Knee+1","Endless Agony+1","Sucker Punch+1","Predator+1","Backflip+1","Deadly Poison"],"special_seed":0,"relics":["SacredBark","Meat on the Bone","Velvet Choker","Vajra","Snake Skull","Astrolabe","WingedGreaves","Bottled Lightning"],"potions_floor_usage":[50],"damage_taken":[{"damage":1.0,"enemies":"Small Slimes","floor":1.0,"turns":4.0},{"damage":0.0,"enemies":"Cultist","floor":4.0,"turns":3.0},{"damage":2.0,"enemies":"Jaw Worm","floor":5.0,"turns":4.0},{"damage":0.0,"enemies":"2 Fungi Beasts","floor":11.0,"turns":2.0},{"damage":22.0,"enemies":"Hexaghost","floor":16.0,"turns":13.0},{"damage":0.0,"enemies":"Chosen","floor":18.0,"turns":5.0},{"damage":4.0,"enemies":"Shell Parasite","floor":20.0,"turns":5.0},{"damage":11.0,"enemies":"Sentry and Sphere","floor":25.0,"turns":5.0},{"damage":0.0,"enemies":"Cultist and Chosen","floor":28.0,"turns":2.0},{"damage":16.0,"enemies":"Shelled Parasite and Fungi","floor":30.0,"turns":5.0},{"damage":11.0,"enemies":"Sentry and Sphere","floor":31.0,"turns":5.0},{"damage":13.0,"enemies":"Collector","floor":33.0,"turns":7.0},{"damage":6.0,"enemies":"3 Darklings","floor":35.0,"turns":3.0},{"damage":4.0,"enemies":"Orb Walker","floor":42.0,"turns":3.0},{"damage":17.0,"enemies":"Spire Growth","floor":44.0,"turns":4.0},{"damage":0.0,"enemies":"Jaw Worm Horde","floor":45.0,"turns":2.0},{"damage":39,"enemies":"Sphere and 2 Shapes","floor":48,"turns":4},{"damage":59,"enemies":"Time Eater","floor":50,"turns":4}],"seed_played":"-1097250068602161845","potions_obtained":[{"floor":1.0,"key":"Strength Potion"},{"floor":11.0,"key":"Regen Potion"},{"floor":16.0,"key":"LiquidMemories"},{"floor":20.0,"key":"SteroidPotion"},{"floor":25.0,"key":"DistilledChaos"},{"floor":31.0,"key":"LiquidMemories"},{"floor":42.0,"key":"ColorlessPotion"}],"is_trial":false,"path_per_floor":["M","?","$","M","M","R","?","R","T","R","M","R","$","?","R","B",null,"M","?","M","?","$","R","$","M","T","R","M","R","M","M","R","B",null,"M","?","?","T","?","R","R","M","T","M","M","R","$","M","R","B"],"character_chosen":"THE_SILENT","items_purchased":["Dagger Spray","Dexterity Potion","Crippling Poison","Vajra","Deadly Poison"],"campfire_rested":3,"item_purchase_floors":[3,3,13,22,47],"current_hp_per_floor":[69,69,69,69,67,67,60,60,60,60,60,60,60,49,49,67,69,69,69,65,65,65,65,65,54,54,54,54,54,38,39,60,47,64,58,58,58,58,58,58,58,54,54,37,37,58,58,31,52,0],"gold":120,"neow_bonus":"BOSS_RELIC","is_prod":false,"is_daily":false,"chose_seed":false,"campfire_upgraded":10,"win_rate":0,"timestamp":1576248322,"path_taken":["M","?","$","M","?","R","?","R","T","R","M","R","?","?","R","BOSS","M","?","M","?","$","R","$","?","T","R","M","R","M","M","R","BOSS","M","?","?","?","?","R","R","M","T","M","?","R","$","M","R","BOSS"],"build_version":"2019-10-30","purchased_purges":2,"victory":false,"max_hp_per_floor":[70,70,70,70,70,70,70,70,70,70,70,70,70,70,70,70,70,70,70,70,70,70,70,70,70,70,70,70,70,70,70,70,70,70,70,70,70,70,70,70,70,70,70,70,70,70,70,70,70,70],"card_choices":[{"not_picked":["Endless Agony","Setup"],"picked":"Poisoned Stab","floor":1.0},{"not_picked":["Dagger Spray","Skewer"],"picked":"Dagger Throw","floor":4.0},{"not_picked":["Eviscerate","Heel Hook"],"picked":"Footwork","floor":5.0},{"not_picked":["Flying Knee","Dagger Spray"],"picked":"Leg Sweep","floor":11.0},{"not_picked":["Glass Knife","Night Terror"],"picked":"Adrenaline","floor":16.0},{"not_picked":["Accuracy","Cloak And Dagger"],"picked":"Bane","floor":18.0},{"not_picked":["PiercingWail","Blade Dance+1","Escape Plan+1"],"picked":"SKIP","floor":20.0},{"not_picked":["Acrobatics+1","Bane"],"picked":"Poisoned Stab","floor":25.0},{"not_picked":["Outmaneuver","Bouncing Flask","Prepared"],"picked":"SKIP","floor":28.0},{"not_picked":["Acrobatics","Masterful Stab"],"picked":"Backflip","floor":30.0},{"not_picked":["Deadly Poison","Masterful Stab"],"picked":"Catalyst","floor":31.0},{"not_picked":["Doppelganger","Malaise"],"picked":"Corpse Explosion","floor":33.0},{"not_picked":["Outmaneuver+1","Choke"],"picked":"Sucker Punch+1","floor":35.0},{"not_picked":["Bane+1","Dodge and Roll"],"picked":"Predator+1","floor":42.0},{"not_picked":["Choke+1","Poisoned Stab+1","Leg Sweep"],"picked":"SKIP","floor":44.0},{"not_picked":["Distraction+1","Well Laid Plans"],"picked":"Backflip+1","floor":45.0},{"not_picked":["Prepared+1","Outmaneuver+1","Unload"],"picked":"SKIP","floor":48}],"player_experience":136456,"relics_obtained":[{"floor":9.0,"key":"Meat on the Bone"},{"floor":26.0,"key":"Snake Skull"},{"floor":38.0,"key":"WingedGreaves"},{"floor":43.0,"key":"Bottled Lightning"}],"event_choices":[{"cards_removed":["Strike_G"],"damage_healed":0.0,"max_hp_gain":0.0,"max_hp_loss":0.0,"gold_gain":0.0,"event_name":"Bonfire Elementals","player_choice":"Offered Basic","floor":2.0,"gold_loss":0.0,"damage_taken":0.0},{"cards_removed":["Strike_G"],"damage_healed":0.0,"max_hp_gain":0.0,"max_hp_loss":0.0,"gold_gain":0.0,"event_name":"Golden Wing","player_choice":"Card Removal","floor":7.0,"gold_loss":0.0,"damage_taken":7.0},{"damage_healed":0.0,"max_hp_gain":0.0,"max_hp_loss":0.0,"gold_gain":75.0,"event_name":"World of Goop","player_choice":"Gather Gold","floor":14.0,"gold_loss":0.0,"damage_taken":11.0},{"damage_healed":0.0,"max_hp_gain":0.0,"max_hp_loss":0.0,"gold_gain":0.0,"event_name":"Drug Dealer","player_choice":"Obtain J.A.X.","floor":19.0,"gold_loss":0.0,"damage_taken":0.0,"cards_obtained":["J.A.X."]},{"cards_removed":["Defend_G"],"damage_healed":0.0,"max_hp_gain":0.0,"max_hp_loss":0.0,"gold_gain":0.0,"event_name":"Purifier","player_choice":"Purged","floor":21.0,"gold_loss":0.0,"damage_taken":0.0},{"damage_healed":0.0,"max_hp_gain":0.0,"max_hp_loss":0.0,"gold_gain":0.0,"event_name":"Mysterious Sphere","player_choice":"Ignored","floor":36.0,"gold_loss":0.0,"damage_taken":0.0},{"damage_healed":0.0,"max_hp_gain":0.0,"max_hp_loss":0.0,"gold_gain":0.0,"event_name":"Tomb of Lord Red Mask","player_choice":"Ignored","floor":37.0,"gold_loss":0.0,"damage_taken":0.0},{"cards_removed":["Accuracy"],"damage_healed":0.0,"max_hp_gain":0.0,"max_hp_loss":0.0,"gold_gain":0.0,"event_name":"Falling","player_choice":"Removed Power","floor":39.0,"gold_loss":0.0,"damage_taken":0.0}],"is_beta":true,"boss_relics":[{"not_picked":["Snecko Eye","Cursed Key"],"picked":"Velvet Choker"},{"not_picked":["Busted Crown","Fusion Hammer"],"picked":"Astrolabe"}],"items_purged_floors":[22,47],"is_endless":false,"potions_floor_spawned":[1,11,16,20,25,31,42],"killed_by":"Time Eater","ascension_level":5}