{"gold_per_floor":[118,118,118,193,209,209,209,243,268,293,328,340,366,403,415,552,564,596,631,664,295,295,295,333,356,408,427,118,137,0,21,21,146,146,161,161,184,184,23,23,356,356,356,424,424,442,442,442,442,442],"floor_reached":51,"playtime":1557,"items_purged":["Grand Finale+1"],"score":843,"play_id":"ae310109-3d2d-4cb9-a9e4-5d786a3cbcfc","local_time":"20191212195905","is_ascension_mode":true,"campfire_choices":[{"floor":6.0,"key":"REST"},{"floor":12.0,"key":"REST"},{"floor":15.0,"key":"REST"},{"floor":23.0,"key":"REST"},{"floor":32.0,"key":"REST"},{"data":"1","floor":40.0,"key":"LIFT"},{"data":"2","floor":42.0,"key":"LIFT"},{"data":"3","floor":49,"key":"LIFT"}],"neow_cost":"NONE","seed_source_timestamp":2525464395410610,"circlet_count":0,"master_deck":["Strike_G","Strike_G","Strike_G","Defend_G","Defend_G","Survivor","Neutralize","Blur","Terror","Blade Dance","Storm of Steel","Backstab","Expertise","Adrenaline","Masterful Stab+1","Dash+1","Footwork+1","Dagger Spray","Escape Plan","Cloak And Dagger","After Image","Prepared","CurseOfTheBell","Swift Strike","Cloak And Dagger","Accuracy","Finesse","PiercingWail+1"],"special_seed":0,"relics":["Fusion Hammer","Vajra","Shuriken","MawBank","Astrolabe","InkBottle","Pantograph","Potion Belt","Girya","Calling Bell","Oddly Smooth Stone","Mercury Hourglass","Thread and Needle","TungstenRod","Paper Crane"],"potions_floor_usage":[],"damage_taken":[{"damage":5.0,"enemies":"Small Slimes","floor":1.0,"turns":4.0},{"damage":3.0,"enemies":"2 Louse","floor":5.0,"turns":3.0},{"damage":9.0,"enemies":"Lagavulin","floor":8.0,"turns":5.0},{"damage":4.0,"enemies":"Jaw Worm","floor":10.0,"turns":2.0},{"damage":0.0,"enemies":"Blue Slaver","floor":11.0,"turns":2.0},{"damage":6.0,"enemies":"Exordium Thugs","floor":13.0,"turns":2.0},{"damage":1.0,"enemies":"Looter","floor":14.0,"turns":2.0},{"damage":33.0,"enemies":"Hexaghost","floor":16.0,"turns":6.0},{"damage":21.0,"enemies":"Shell Parasite","floor":18.0,"turns":3.0},{"damage":1.0,"enemies":"3 Byrds","floor":19.0,"turns":6.0},{"damage":2.0,"enemies":"Snecko","floor":20.0,"turns":3.0},{"damage":29.0,"enemies":"Slavers","floor":24.0,"turns":6.0},{"damage":0.0,"enemies":"3 Cultists","floor":25.0,"turns":3.0},{"damage":8.0,"enemies":"Centurion and Healer","floor":27.0,"turns":5.0},{"damage":31.0,"enemies":"Cultist and Chosen","floor":29.0,"turns":5.0},{"damage":18.0,"enemies":"Snecko","floor":31.0,"turns":4.0},{"damage":41.0,"enemies":"Collector","floor":33.0,"turns":9.0},{"damage":11.0,"enemies":"3 Darklings","floor":35.0,"turns":4.0},{"damage":0.0,"enemies":"Orb Walker","floor":37.0,"turns":3.0},{"damage":0.0,"enemies":"4 Shapes","floor":45.0,"turns":1.0},{"damage":10.0,"enemies":"Spire Growth","floor":46.0,"turns":4.0},{"damage":31,"enemies":"Donu and Deca","floor":50,"turns":11}],"seed_played":"7920457133654645165","potions_obtained":[{"floor":5.0,"key":"BlessingOfTheForge"},{"floor":8.0,"key":"FearPotion"},{"floor":14.0,"key":"BlessingOfTheForge"},{"floor":18.0,"key":"DistilledChaos"},{"floor":24.0,"key":"FairyPotion"},{"floor":29.0,"key":"Weak Potion"},{"floor":33.0,"key":"SmokeBomb"}],"is_trial":false,"path_per_floor":["M","?","?","?","M","R","?","E","T","M","M","R","M","M","R","B",null,"M","M","M","$","?","R","E","M","T","M","$","M","?","M","R","B",null,"M","?","M","?","$","R","?","R","T","T","M","M","?","?","R","B",null],"character_chosen":"THE_SILENT","items_purchased":["InkBottle","Dagger Spray","Girya","Accuracy","Finesse"],"campfire_rested":5,"item_purchase_floors":[21,21,28,39,39],"current_hp_per_floor":[65,48,48,37,34,55,48,39,39,35,35,56,50,49,70,37,70,49,48,46,46,46,67,38,38,38,30,30,21,21,3,24,8,70,59,59,59,59,59,59,59,59,59,59,59,49,49,49,49,39],"gold":442,"neow_bonus":"BOSS_RELIC","is_prod":false,"is_daily":false,"chose_seed":false,"campfire_upgraded":0,"win_rate":0,"timestamp":1576162745,"path_taken":["M","?","?","?","?","R","?","E","T","M","M","R","M","M","R","BOSS","M","M","M","$","?","R","E","M","T","M","?","?","?","M","R","BOSS","M","?","M","?","$","R","?","R","T","?","M","?","?","?","R","BOSS"],"build_version":"2019-10-30","purchased_purges":1,"victory":true,"max_hp_per_floor":[70,70,70,70,70,70,70,70,70,70,70,70,70,70,70,70,70,70,70,70,70,70,70,70,70,70,70,70,70,70,70,70,70,70,70,70,70,70,70,70,70,70,70,70,70,70,70,70,70,70],"card_choices":[{"not_picked":["Sucker Punch","PiercingWail"],"picked":"Blur","floor":1.0},{"not_picked":["Deflect","Dodge and Roll"],"picked":"Blade Dance","floor":5.0},{"not_picked":["Backflip","Quick Slash"],"picked":"Storm of Steel","floor":8.0},{"not_picked":["Backflip","Dodge and Roll"],"picked":"Backstab","floor":10.0},{"not_picked":["Flying Knee","Distraction"],"picked":"Expertise","floor":11.0},{"not_picked":["Endless Agony","Quick Slash"],"picked":"Corpse Explosion","floor":13.0},{"not_picked":["Outmaneuver","All Out Attack","Deflect"],"picked":"SKIP","floor":14.0},{"not_picked":["Corpse Explosion","Venomology"],"picked":"Adrenaline","floor":16.0},{"not_picked":["Dagger Spray+1","Well Laid Plans"],"picked":"Footwork+1","floor":18.0},{"not_picked":["Quick Slash","Setup","Caltrops"],"picked":"SKIP","floor":19.0},{"not_picked":["Leg Sweep+1","Expertise","Underhanded Strike"],"picked":"SKIP","floor":20.0},{"not_picked":["Deadly Poison","Distraction"],"picked":"Escape Plan","floor":24.0},{"not_picked":["Flying Knee","Prepared","Dodge and Roll"],"picked":"SKIP","floor":25.0},{"not_picked":["Cloak And Dagger","Dagger Throw+1","Noxious Fumes"],"picked":"SKIP","floor":27.0},{"not_picked":["Dagger Throw+1","Noxious Fumes"],"picked":"Cloak And Dagger","floor":27.0},{"not_picked":["Quick Slash","Bouncing Flask+1"],"picked":"After Image","floor":29.0},{"not_picked":["All Out Attack","Dagger Spray"],"picked":"Prepared","floor":31.0},{"not_picked":["Bane+1","Acrobatics","Backflip"],"picked":"SKIP","floor":35.0},{"not_picked":["PanicButton","Thinking Ahead"],"picked":"Swift Strike","floor":36.0},{"not_picked":["Dagger Spray","Deadly Poison+1"],"picked":"Cloak And Dagger","floor":37.0},{"not_picked":["Masterful Stab+1","Deadly Poison+1"],"picked":"PiercingWail+1","floor":46.0}],"player_experience":133256,"relics_obtained":[{"floor":8.0,"key":"Shuriken"},{"floor":9.0,"key":"MawBank"},{"floor":24.0,"key":"Pantograph"},{"floor":26.0,"key":"Potion Belt"},{"floor":34.0,"key":"Oddly Smooth Stone"},{"floor":34.0,"key":"Mercury Hourglass"},{"floor":34.0,"key":"Thread and Needle"},{"floor":43.0,"key":"TungstenRod"},{"floor":44.0,"key":"Paper Crane"}],"event_choices":[{"damage_healed":0.0,"max_hp_gain":0.0,"max_hp_loss":0.0,"gold_gain":0.0,"event_name":"Golden Idol","player_choice":"Take Damage","floor":2.0,"gold_loss":0.0,"damage_taken":17.0,"relics_obtained":["Golden Idol"]},{"damage_healed":0.0,"max_hp_gain":0.0,"max_hp_loss":0.0,"gold_gain":0.0,"cards_transformed":["Defend_G"],"event_name":"Living Wall","player_choice":"Change","floor":3.0,"gold_loss":0.0,"damage_taken":0.0,"cards_obtained":["Terror"]},{"damage_healed":0.0,"max_hp_gain":0.0,"max_hp_loss":0.0,"gold_gain":75.0,"event_name":"World of Goop","player_choice":"Gather Gold","floor":4.0,"gold_loss":0.0,"damage_taken":11.0},{"damage_healed":0.0,"max_hp_gain":0.0,"max_hp_loss":0.0,"gold_gain":0.0,"event_name":"Scrap Ooze","player_choice":"Success","floor":7.0,"gold_loss":0.0,"damage_taken":7.0,"relics_obtained":["Vajra"]},{"damage_healed":0.0,"max_hp_gain":0.0,"max_hp_loss":0.0,"gold_gain":0.0,"event_name":"N\u0027loth","player_choice":"Ignored","floor":22.0,"gold_loss":0.0,"damage_taken":0.0},{"damage_healed":0.0,"max_hp_gain":0.0,"max_hp_loss":0.0,"gold_gain":0.0,"event_name":"Masked Bandits","player_choice":"Paid Fearfully","floor":30.0,"gold_loss":137.0,"damage_taken":0.0},{"damage_healed":0.0,"max_hp_gain":0.0,"max_hp_loss":0.0,"gold_gain":0.0,"event_name":"SensoryStone","player_choice":"Memory 1","floor":36.0,"gold_loss":0.0,"damage_taken":0.0},{"cards_removed":["Strike_G"],"damage_healed":0.0,"max_hp_gain":0.0,"max_hp_loss":0.0,"gold_gain":0.0,"event_name":"Falling","player_choice":"Removed Attack","floor":38.0,"gold_loss":0.0,"damage_taken":0.0},{"damage_healed":0.0,"max_hp_gain":0.0,"max_hp_loss":0.0,"gold_gain":333.0,"event_name":"The Moai Head","player_choice":"Gave Idol","floor":41.0,"relics_lost":["Golden Idol"],"gold_loss":0.0,"damage_taken":0.0},{"damage_healed":0.0,"max_hp_gain":0.0,"max_hp_loss":0.0,"gold_gain":0.0,"event_name":"Mysterious Sphere","player_choice":"Ignored","floor":47.0,"gold_loss":0.0,"damage_taken":0.0},{"cards_removed":["Strike_G"],"damage_healed":0.0,"max_hp_gain":0.0,"max_hp_loss":0.0,"gold_gain":0.0,"event_name":"Bonfire Elementals","player_choice":"Offered Basic","floor":48.0,"gold_loss":0.0,"damage_taken":0.0}],"is_beta":true,"boss_relics":[{"not_picked":["Pandora\u0027s Box","SacredBark"],"picked":"Astrolabe"},{"not_picked":["SlaversCollar","Snecko Eye"],"picked":"Calling Bell"}],"items_purged_floors":[21],"is_endless":false,"potions_floor_spawned":[5,8,14,18,24,29,33,45],"ascension_level":4}