{"gold_per_floor":[110,110,122,136,152,152,180,203,229,229,77,95,95,110,110,210,210,210],"floor_reached":18,"playtime":875,"items_purged":[],"score":198,"play_id":"ded35d4f-129b-4ca4-aad8-371fb97cec73","local_time":"20191219190030","is_ascension_mode":true,"campfire_choices":[{"data":"Forethought","floor":6.0,"key":"SMITH"},{"floor":10.0,"key":"REST"},{"floor":15.0,"key":"REST"}],"neow_cost":"NONE","seed_source_timestamp":81875970835432,"circlet_count":0,"master_deck":["Strike_G","Strike_G","Strike_G","Strike_G","Defend_G","Defend_G","Defend_G","Defend_G","Defend_G","Survivor","Neutralize","Forethought+1","Skewer","Dagger Spray","Backflip","Backflip","Glass Knife","Tactician","Dash","Acrobatics","Glass Knife"],"special_seed":0,"relics":["Ring of the Snake","Odd Mushroom","Happy Flower","Orrery","PreservedInsect","Black Star"],"potions_floor_usage":[16],"damage_taken":[{"damage":0.0,"enemies":"2 Louse","floor":1.0,"turns":5.0},{"damage":1.0,"enemies":"Cultist","floor":3.0,"turns":4.0},{"damage":3.0,"enemies":"Jaw Worm","floor":4.0,"turns":5.0},{"damage":14.0,"enemies":"Exordium Wildlife","floor":5.0,"turns":8.0},{"damage":14.0,"enemies":"The Mushroom Lair","floor":7.0,"turns":5.0},{"damage":19.0,"enemies":"Exordium Thugs","floor":12.0,"turns":6.0},{"damage":9.0,"enemies":"Blue Slaver","floor":14.0,"turns":3.0},{"damage":42,"enemies":"The Guardian","floor":16,"turns":18},{"damage":29,"enemies":"Shell Parasite","floor":18,"turns":6}],"seed_played":"6366779682639341110","potions_obtained":[{"floor":4.0,"key":"Block Potion"},{"floor":5.0,"key":"FearPotion"},{"floor":14.0,"key":"SpeedPotion"}],"is_trial":false,"path_per_floor":["M","?","M","M","M","R","?","T","T","R","$","M","?","M","R","B",null,"M"],"character_chosen":"THE_SILENT","items_purchased":["Orrery"],"campfire_rested":2,"item_purchase_floors":[11],"current_hp_per_floor":[63,63,62,59,45,45,31,31,31,52,52,33,33,24,45,3,53,24],"gold":210,"neow_bonus":"RANDOM_COLORLESS","is_prod":false,"is_daily":false,"chose_seed":false,"campfire_upgraded":1,"win_rate":0,"timestamp":1576764030,"path_taken":["M","?","?","M","M","R","?","?","T","R","$","?","?","?","R","BOSS","M"],"build_version":"2019-10-30","purchased_purges":0,"victory":false,"max_hp_per_floor":[70,70,70,70,70,70,70,70,70,70,70,70,70,70,70,70,70,70],"card_choices":[{"not_picked":["Finesse","Impatience"],"picked":"Forethought","floor":0.0},{"not_picked":["Distraction","Dagger Throw"],"picked":"Skewer","floor":1.0},{"not_picked":["Flying Knee","Distraction"],"picked":"Dagger Spray","floor":3.0},{"not_picked":["Storm of Steel","Reflex","Dagger Throw"],"picked":"SKIP","floor":4.0},{"not_picked":["Outmaneuver","Flying Knee","Blade Dance"],"picked":"SKIP","floor":5.0},{"not_picked":["Quick Slash","Outmaneuver"],"picked":"Underhanded Strike","floor":11.0},{"not_picked":["Setup","Phantasmal Killer"],"picked":"Backflip","floor":11.0},{"not_picked":["Setup","PiercingWail"],"picked":"Backflip","floor":11.0},{"not_picked":["Flying Knee","Sucker Punch"],"picked":"Glass Knife","floor":11.0},{"not_picked":["Deflect","Poisoned Stab"],"picked":"Tactician","floor":11.0},{"not_picked":["Flying Knee","Backflip"],"picked":"Dash","floor":12.0},{"not_picked":["Riddle With Holes","Slice"],"picked":"Acrobatics","floor":14.0},{"not_picked":["Burst","Malaise"],"picked":"Glass Knife","floor":16}],"player_experience":154718,"relics_obtained":[{"floor":7.0,"key":"Odd Mushroom"},{"floor":9.0,"key":"Happy Flower"}],"event_choices":[{"cards_removed":["Strike_G"],"damage_healed":0.0,"max_hp_gain":0.0,"max_hp_loss":0.0,"gold_gain":0.0,"event_name":"Purifier","player_choice":"Purged","floor":2.0,"gold_loss":0.0,"damage_taken":0.0},{"damage_healed":0.0,"max_hp_gain":0.0,"max_hp_loss":0.0,"gold_gain":0.0,"event_name":"Mushrooms","player_choice":"Fought Mushrooms","floor":7.0,"gold_loss":0.0,"damage_taken":0.0},{"cards_removed":["Underhanded Strike"],"damage_healed":0.0,"max_hp_gain":0.0,"max_hp_loss":0.0,"gold_gain":0.0,"event_name":"WeMeetAgain","player_choice":"Gave Card","floor":13.0,"gold_loss":0.0,"damage_taken":0.0,"relics_obtained":["PreservedInsect"]}],"is_beta":true,"boss_relics":[{"not_picked":["SacredBark","Velvet Choker"],"picked":"Black Star"}],"items_purged_floors":[],"is_endless":false,"potions_floor_spawned":[4,5,14],"killed_by":"Shell Parasite","ascension_level":6}