{"gold_per_floor":[119,134,134,94,109,109,124,124,205,240,240,118,118,118,118,216,266,284,308,308,88,88,88,117,45,99,113,113,113,113,124,124,228,228,239,254,254,266,76,76,76,90,117,142,142,174,174,174,174,174],"floor_reached":51,"playtime":1859,"items_purged":["Defend_G"],"score":978,"play_id":"4d510de0-36d7-476d-9ad6-f7ca1c0cd08a","local_time":"20191216213039","is_ascension_mode":true,"campfire_choices":[{"data":"Neutralize","floor":6.0,"key":"SMITH"},{"data":"Dagger Spray","floor":8.0,"key":"SMITH"},{"data":"Deadly Poison","floor":11.0,"key":"SMITH"},{"floor":15.0,"key":"REST"},{"data":"Envenom","floor":23.0,"key":"SMITH"},{"data":"Blind","floor":29,"key":"SMITH"},{"data":"Envenom","floor":32,"key":"SMITH"},{"floor":41,"key":"REST"},{"data":"After Image","floor":45,"key":"SMITH"},{"data":"Infinite Blades","floor":47,"key":"SMITH"},{"floor":49,"key":"REST"}],"neow_cost":"NONE","seed_source_timestamp":2876260888269410,"circlet_count":0,"master_deck":["Strike_G","Strike_G+1","Strike_G","Defend_G+1","Defend_G","Survivor","Neutralize+1","Deadly Poison+1","Blur+1","Dagger Spray+1","Backflip","Catalyst","Blind+1","Dagger Throw","Envenom+1","Dodge and Roll","Backflip","Prepared","Infinite Blades+1","Heel Hook","Envenom+1","Storm of Steel","Endless Agony+1","Distraction+1","Backstab+1","Blade Dance+1","Escape Plan+1","Cloak And Dagger","After Image+1","Cloak And Dagger","Blur+1","Catalyst+1"],"special_seed":0,"relics":["Ring of the Snake","Dream Catcher","Omamori","Meat on the Bone","Regal Pillow","Kunai","Tiny House","PreservedInsect","Tiny Chest","Snake Skull","Blood Vial","Pocketwatch","Astrolabe","Pen Nib","Toy Ornithopter","InkBottle","StrikeDummy","Turnip"],"potions_floor_usage":[24,24,35,35,36,46],"damage_taken":[{"damage":0.0,"enemies":"Small Slimes","floor":1.0,"turns":3.0},{"damage":0.0,"enemies":"Cultist","floor":2.0,"turns":4.0},{"damage":0.0,"enemies":"Jaw Worm","floor":5.0,"turns":5.0},{"damage":3.0,"enemies":"Red Slaver","floor":7.0,"turns":6.0},{"damage":23.0,"enemies":"Gremlin Nob","floor":10.0,"turns":5.0},{"damage":0.0,"enemies":"The Guardian","floor":16.0,"turns":11.0},{"damage":13.0,"enemies":"Spheric Guardian","floor":18.0,"turns":7.0},{"damage":29,"enemies":"Slavers","floor":24,"turns":5},{"damage":0,"enemies":"3 Byrds","floor":27,"turns":5},{"damage":28,"enemies":"3 Cultists","floor":31,"turns":5},{"damage":31,"enemies":"Collector","floor":33,"turns":8},{"damage":14,"enemies":"3 Darklings","floor":35,"turns":5},{"damage":1,"enemies":"Orb Walker","floor":36,"turns":3},{"damage":19,"enemies":"Transient","floor":38,"turns":5},{"damage":10,"enemies":"Jaw Worm Horde","floor":42,"turns":5},{"damage":22,"enemies":"Giant Head","floor":44,"turns":6},{"damage":15,"enemies":"Reptomancer","floor":46,"turns":6},{"damage":74,"enemies":"Donu and Deca","floor":50,"turns":12}],"seed_played":"7732966530742949202","potions_obtained":[{"floor":2.0,"key":"CultistPotion"},{"floor":5.0,"key":"Weak Potion"},{"floor":7.0,"key":"Energy Potion"},{"floor":17.0,"key":"EntropicBrew"},{"floor":18.0,"key":"Poison Potion"},{"floor":31,"key":"SneckoOil"},{"floor":33,"key":"Block Potion"},{"floor":35,"key":"Block Potion"},{"floor":42,"key":"SteroidPotion"}],"is_trial":false,"path_per_floor":["M","M","?","$","M","R","M","R","T","E","R","$","?","T","R","B",null,"M","T","?","$","?","R","E","$","T","M","?","R","T","M","R","B",null,"M","M","?","M","$","?","R","M","T","E","R","E","R","T","R","B",null],"character_chosen":"THE_SILENT","items_purchased":["Blur","Catalyst","Blind","Tiny Chest","Infinite Blades","Cloak And Dagger","Pen Nib"],"campfire_rested":3,"item_purchase_floors":[4,12,12,21,25,39,39],"current_hp_per_floor":[70,70,70,70,70,70,67,67,67,44,44,44,30,30,66,66,74,61,61,61,61,61,61,44,44,44,46,71,71,71,45,45,28,63,51,52,52,47,47,47,75,65,65,45,45,49,49,49,75,13],"gold":174,"neow_bonus":"RANDOM_COMMON_RELIC","is_prod":false,"is_daily":false,"chose_seed":false,"campfire_upgraded":8,"win_rate":0,"timestamp":1576513839,"path_taken":["M","M","?","$","M","R","?","R","T","E","R","$","?","?","R","BOSS","M","?","?","$","?","R","E","$","T","?","?","R","?","M","R","BOSS","M","?","?","M","$","?","R","M","T","E","R","E","R","?","R","BOSS"],"build_version":"2019-10-30","purchased_purges":1,"victory":true,"max_hp_per_floor":[70,70,70,70,70,70,70,70,70,70,70,70,70,70,70,70,75,75,75,75,75,75,75,75,75,75,75,75,75,75,75,75,75,75,75,75,75,75,75,75,75,75,75,75,75,75,75,75,75,75],"card_choices":[{"not_picked":["Bane","Deflect"],"picked":"Deadly Poison","floor":1.0},{"not_picked":["Sucker Punch","Infinite Blades","Slice"],"picked":"SKIP","floor":2.0},{"not_picked":["Phantasmal Killer","Bane","Concentrate"],"picked":"SKIP","floor":5.0},{"not_picked":["Terror","Sucker Punch"],"picked":"Dagger Spray","floor":7.0},{"not_picked":["Poisoned Stab","Blade Dance"],"picked":"Backflip","floor":10.0},{"not_picked":["Caltrops","Dodge and Roll"],"picked":"Dagger Throw","floor":15.0},{"not_picked":["Die Die Die","Tools of the Trade"],"picked":"Envenom","floor":16.0},{"not_picked":["Underhanded Strike","Tactician"],"picked":"Dodge and Roll","floor":17.0},{"not_picked":["Terror","PiercingWail"],"picked":"Backflip","floor":18.0},{"not_picked":["Masterful Stab+1","Outmaneuver"],"picked":"Prepared","floor":24},{"not_picked":["Dash","Tactician"],"picked":"Heel Hook","floor":27},{"not_picked":["Slice","Acrobatics"],"picked":"Envenom","floor":31},{"not_picked":["A Thousand Cuts","Phantasmal Killer"],"picked":"Storm of Steel","floor":33},{"not_picked":["Escape Plan","Deadly Poison+1"],"picked":"Blade Dance+1","floor":35},{"not_picked":["Reflex","Bouncing Flask+1"],"picked":"Escape Plan+1","floor":36},{"not_picked":["Poisoned Stab+1","Acrobatics+1","Dodge and Roll"],"picked":"SKIP","floor":38},{"not_picked":["Infinite Blades","Slice"],"picked":"After Image","floor":42},{"not_picked":["Leg Sweep+1","Crippling Poison"],"picked":"Cloak And Dagger","floor":44},{"not_picked":["Concentrate+1","Blade Dance"],"picked":"Blur+1","floor":46},{"not_picked":["Bane","Poisoned Stab+1"],"picked":"Catalyst+1","floor":49}],"player_experience":144460,"relics_obtained":[{"floor":9.0,"key":"Meat on the Bone"},{"floor":10.0,"key":"Regal Pillow"},{"floor":14.0,"key":"Kunai"},{"floor":19.0,"key":"PreservedInsect"},{"floor":24,"key":"Snake Skull"},{"floor":26,"key":"Blood Vial"},{"floor":30,"key":"Pocketwatch"},{"floor":43,"key":"Toy Ornithopter"},{"floor":44,"key":"InkBottle"},{"floor":46,"key":"StrikeDummy"},{"floor":48,"key":"Turnip"}],"event_choices":[{"damage_healed":0.0,"max_hp_gain":0.0,"max_hp_loss":0.0,"gold_gain":0.0,"event_name":"WeMeetAgain","player_choice":"Gave Potion","floor":3.0,"gold_loss":0.0,"damage_taken":0.0,"relics_obtained":["Omamori"]},{"damage_healed":0.0,"max_hp_gain":0.0,"max_hp_loss":0.0,"gold_gain":0.0,"event_name":"Shining Light","player_choice":"Entered Light","floor":13.0,"gold_loss":0.0,"damage_taken":14.0,"cards_upgraded":["Strike_G","Defend_G"]},{"damage_healed":0.0,"max_hp_gain":0.0,"max_hp_loss":0.0,"gold_gain":0.0,"event_name":"Match and Keep!","player_choice":"0 cards matched","floor":22.0,"gold_loss":0.0,"damage_taken":0.0,"cards_obtained":[]},{"damage_healed":25,"gold_gain":0,"player_choice":"Heal","damage_taken":0,"max_hp_gain":0,"max_hp_loss":0,"event_name":"The Library","floor":28,"gold_loss":0},{"damage_healed":0,"gold_gain":0,"player_choice":"Ignored","damage_taken":0,"max_hp_gain":0,"max_hp_loss":0,"event_name":"Tomb of Lord Red Mask","floor":37,"gold_loss":0},{"cards_removed":["Strike_G"],"damage_healed":0,"gold_gain":0,"player_choice":"Removed Attack","damage_taken":0,"max_hp_gain":0,"max_hp_loss":0,"event_name":"Falling","floor":40,"gold_loss":0}],"is_beta":true,"boss_relics":[{"not_picked":["Runic Pyramid","SacredBark"],"picked":"Tiny House"},{"not_picked":["Ring of the Serpent","Black Star"],"picked":"Astrolabe"}],"items_purged_floors":[21],"is_endless":false,"potions_floor_spawned":[2,5,7,18,31,33,35,42],"ascension_level":5}