{"gold_per_floor":[111,111,182,457,471,471,501,513,540,540,575,592,86,86,86,182,182,200,200,150,167,167,167,194,194],"floor_reached":25,"playtime":794,"items_purged":["Regret"],"score":332,"play_id":"d7e6f93d-0036-4d86-8ba8-791e2012af51","local_time":"20191211182127","is_ascension_mode":true,"campfire_choices":[{"data":"Neutralize","floor":6,"key":"SMITH"},{"floor":10,"key":"REST"},{"floor":15,"key":"REST"},{"data":"Catalyst","floor":23,"key":"SMITH"}],"neow_cost":"NONE","seed_source_timestamp":2433986846918555,"circlet_count":0,"master_deck":["Strike_G","Strike_G","Strike_G","Strike_G","Strike_G","Defend_G","Defend_G","Defend_G","Defend_G","Survivor","Neutralize+1","CurseOfTheBell","Backflip","Deadly Poison","Catalyst+1","Deadly Poison+1","Blind+1","Poisoned Stab","Envenom+1","Burst+1","Catalyst+1","Decay","Catalyst+1"],"relics":["Calling Bell","Gambling Chip","Frozen Egg 2","Lantern","InkBottle","Potion Belt","Smiling Mask","Toxic Egg 2","HornCleat","SacredBark","Bronze Scales"],"potions_floor_usage":[11,11,16,16,21,21],"damage_taken":[{"damage":0,"enemies":"2 Louse","floor":1,"turns":4},{"damage":4,"enemies":"Jaw Worm","floor":5,"turns":6},{"damage":53,"enemies":"Gremlin Nob","floor":7,"turns":6},{"damage":2,"enemies":"Cultist","floor":8,"turns":3},{"damage":22,"enemies":"Lagavulin","floor":11,"turns":9},{"damage":0,"enemies":"Red Slaver","floor":12,"turns":4},{"damage":0,"enemies":"Hexaghost","floor":16,"turns":7},{"damage":0,"enemies":"Spheric Guardian","floor":18,"turns":3},{"damage":8,"enemies":"2 Thieves","floor":21,"turns":5},{"damage":28,"enemies":"Slavers","floor":24,"turns":7},{"damage":34,"enemies":"Cultist and Chosen","floor":25,"turns":4}],"seed_played":"7133661366798832649","potions_obtained":[{"floor":7,"key":"Dexterity Potion"},{"floor":8,"key":"LiquidBronze"},{"floor":11,"key":"BlessingOfTheForge"},{"floor":12,"key":"PowerPotion"},{"floor":16,"key":"AttackPotion"},{"floor":18,"key":"Fire Potion"},{"floor":24,"key":"LiquidBronze"}],"is_trial":false,"path_per_floor":["M","?","T","?","M","R","E","M","T","R","E","M","$","?","R","B",null,"M","?","?","M","?","R","E","M"],"character_chosen":"THE_SILENT","items_purchased":["Blind+1","Poisoned Stab","Envenom+1","HornCleat"],"campfire_rested":2,"item_purchase_floors":[13,13,13,13],"current_hp_per_floor":[70,63,63,63,59,59,6,4,4,25,3,3,3,3,24,24,70,70,70,70,62,62,62,34,0],"gold":194,"neow_bonus":"BOSS_RELIC","is_prod":false,"is_daily":false,"chose_seed":false,"campfire_upgraded":2,"win_rate":0,"timestamp":1576070487,"path_taken":["M","?","?","?","?","R","E","M","T","R","E","M","$","?","R","BOSS","M","?","?","?","?","R","E","M"],"build_version":"2019-10-30","purchased_purges":1,"victory":false,"max_hp_per_floor":[70,70,70,70,70,70,70,70,70,70,70,70,70,70,70,70,70,70,70,70,70,70,70,70,70],"card_choices":[{"not_picked":["Flying Knee","Sucker Punch","Prepared"],"picked":"SKIP","floor":1},{"not_picked":["Dodge and Roll","Blade Dance"],"picked":"Backflip","floor":5},{"not_picked":["Backstab","Quick Slash"],"picked":"Deadly Poison","floor":7},{"not_picked":["Reflex","Skewer"],"picked":"Catalyst","floor":8},{"not_picked":["All Out Attack","Poisoned Stab","Acrobatics"],"picked":"SKIP","floor":11},{"not_picked":["Backstab","Storm of Steel+1"],"picked":"Deadly Poison+1","floor":12},{"not_picked":["Malaise+1","Tools of the Trade+1"],"picked":"Burst+1","floor":16},{"not_picked":["Footwork+1","Backstab"],"picked":"Catalyst+1","floor":18},{"not_picked":["All Out Attack","Cloak And Dagger+1"],"picked":"Catalyst+1","floor":21},{"not_picked":["Infinite Blades+1","Caltrops+1","Bane"],"picked":"SKIP","floor":24}],"player_experience":127145,"relics_obtained":[{"floor":0,"key":"Gambling Chip"},{"floor":0,"key":"Frozen Egg 2"},{"floor":0,"key":"Lantern"},{"floor":3,"key":"InkBottle"},{"floor":7,"key":"Potion Belt"},{"floor":9,"key":"Smiling Mask"},{"floor":11,"key":"Toxic Egg 2"},{"floor":24,"key":"Bronze Scales"}],"event_choices":[{"cards_removed":["Defend_G"],"damage_healed":0,"gold_gain":0,"player_choice":"Card Removal","damage_taken":7,"max_hp_gain":0,"max_hp_loss":0,"event_name":"Golden Wing","floor":2,"gold_loss":0},{"damage_healed":0,"gold_gain":275,"player_choice":"Desecrate","damage_taken":0,"max_hp_gain":0,"max_hp_loss":0,"event_name":"Golden Shrine","floor":4,"gold_loss":0,"cards_obtained":["Regret"]},{"damage_healed":0,"gold_gain":0,"player_choice":"Searched \u00270\u0027 times","damage_taken":0,"max_hp_gain":0,"max_hp_loss":0,"event_name":"Dead Adventurer","floor":14,"gold_loss":0},{"damage_healed":0,"gold_gain":0,"player_choice":"Smashed Altar","damage_taken":0,"max_hp_gain":0,"max_hp_loss":0,"event_name":"Forgotten Altar","floor":19,"gold_loss":0,"cards_obtained":["Decay"]},{"damage_healed":0,"gold_gain":0,"player_choice":"Bet on Murderer","damage_taken":0,"max_hp_gain":0,"max_hp_loss":0,"event_name":"The Joust","floor":20,"gold_loss":50},{"damage_healed":0,"gold_gain":0,"player_choice":"Ignored","damage_taken":0,"max_hp_gain":0,"max_hp_loss":0,"event_name":"Vampires","floor":22,"gold_loss":0}],"is_beta":true,"boss_relics":[{"not_picked":["WristBlade","Cursed Key"],"picked":"SacredBark"}],"items_purged_floors":[13],"is_endless":false,"potions_floor_spawned":[7,8,11,12,16,18,24],"killed_by":"Cultist and Chosen","ascension_level":4}