{"gold_per_floor":[116,116,191,209,209,209,228,228,228,228,246,256,282,247,247,349,349,364,172,172,172,186,203,216,233,257,257,257,257,273,296,296,394,394,408,426,426,441,441,472,472,472,497,525,525,537,555,570,570,570],"floor_reached":50,"playtime":2007,"items_purged":["Defend_G"],"score":719,"play_id":"d9916bcd-4226-4db8-89ef-dc590883606a","local_time":"20191221201945","is_ascension_mode":true,"campfire_choices":[{"floor":6.0,"key":"REST"},{"data":"Neutralize","floor":8.0,"key":"SMITH"},{"data":"Blade Dance","floor":10.0,"key":"SMITH"},{"data":"Blade Dance","floor":15.0,"key":"SMITH"},{"floor":28.0,"key":"REST"},{"floor":32.0,"key":"REST"},{"floor":41.0,"key":"REST"},{"floor":49,"key":"REST"}],"neow_cost":"NONE","seed_source_timestamp":258173939574664,"circlet_count":0,"master_deck":["Strike_G+1","Strike_G+1","Strike_G+1","Strike_G+1","Strike_G+1","Defend_G+1","Defend_G+1","Defend_G+1","Neutralize+1","Blade Dance+1","Footwork","Infinite Blades","Blade Dance+1","Backflip","Adrenaline","Accuracy","Dagger Spray+1","Trip","Dodge and Roll","Deflect","Blade Dance","Tools of the Trade","Endless Agony+1","A Thousand Cuts","CurseOfTheBell","Prepared+1","Cloak And Dagger","Parasite","Blade Dance+1","Footwork","PiercingWail","Impatience","Backflip+1"],"special_seed":0,"relics":["Ring of the Snake","Ancient Tea Set","Centennial Puzzle","Smiling Mask","Shuriken","SlaversCollar","Whetstone","Bag of Preparation","Calling Bell","Torii","Matryoshka","Bag of Marbles","StrikeDummy","Bottled Lightning","Blood Vial","Lantern","MealTicket","Bronze Scales"],"potions_floor_usage":[47,47],"damage_taken":[{"damage":3.0,"enemies":"Small Slimes","floor":1.0,"turns":4.0},{"damage":6.0,"enemies":"2 Louse","floor":4.0,"turns":3.0},{"damage":0.0,"enemies":"Jaw Worm","floor":7.0,"turns":3.0},{"damage":9.0,"enemies":"Blue Slaver","floor":11.0,"turns":4.0},{"damage":0.0,"enemies":"Large Slime","floor":12.0,"turns":5.0},{"damage":27.0,"enemies":"Gremlin Nob","floor":13.0,"turns":5.0},{"damage":9.0,"enemies":"Hexaghost","floor":16.0,"turns":9.0},{"damage":4.0,"enemies":"Shell Parasite","floor":18.0,"turns":5.0},{"damage":3.0,"enemies":"2 Thieves","floor":22.0,"turns":4.0},{"damage":12.0,"enemies":"Snake Plant","floor":23.0,"turns":3.0},{"damage":0.0,"enemies":"Chosen and Byrds","floor":24.0,"turns":4.0},{"damage":14.0,"enemies":"Snecko","floor":25.0,"turns":7.0},{"damage":2.0,"enemies":"Cultist and Chosen","floor":30.0,"turns":4.0},{"damage":35.0,"enemies":"Champ","floor":33.0,"turns":7.0},{"damage":1.0,"enemies":"Orb Walker","floor":35.0,"turns":2.0},{"damage":13.0,"enemies":"3 Darklings","floor":36.0,"turns":4.0},{"damage":24.0,"enemies":"Writhing Mass","floor":38.0,"turns":7.0},{"damage":10.0,"enemies":"Giant Head","floor":40.0,"turns":6.0},{"damage":0.0,"enemies":"Reptomancer","floor":42.0,"turns":1.0},{"damage":14.0,"enemies":"Nemesis","floor":44.0,"turns":3.0},{"damage":0.0,"enemies":"Jaw Worm Horde","floor":46.0,"turns":4.0},{"damage":17,"enemies":"4 Shapes","floor":47,"turns":6},{"damage":12,"enemies":"Sphere and 2 Shapes","floor":48,"turns":5},{"damage":44,"enemies":"Awakened One","floor":50,"turns":4}],"seed_played":"-5805093367870567697","potions_obtained":[{"floor":4.0,"key":"FearPotion"},{"floor":7.0,"key":"ColorlessPotion"},{"floor":12.0,"key":"GamblersBrew"},{"floor":13.0,"key":"Energy Potion"},{"floor":23.0,"key":"SkillPotion"},{"floor":25.0,"key":"Weak Potion"},{"floor":30.0,"key":"SmokeBomb"},{"floor":33.0,"key":"EssenceOfSteel"},{"floor":35.0,"key":"AttackPotion"},{"floor":38.0,"key":"Explosive Potion"},{"floor":40.0,"key":"Swift Potion"},{"floor":46.0,"key":"Fire Potion"}],"is_trial":false,"path_per_floor":["M","?","?","M","?","R","M","R","T","R","M","M","E","?","R","B",null,"M","$","?","?","M","M","M","M","T","?","R","?","M","T","R","B",null,"M","M","?","M","T","E","R","E","T","E","?","M","M","M","R","B"],"character_chosen":"THE_SILENT","items_purchased":["Dagger Spray","Trip"],"campfire_rested":5,"item_purchase_floors":[19,19],"current_hp_per_floor":[60,60,49,43,36,57,57,57,57,57,48,48,21,38,38,29,60,56,56,43,43,40,28,28,14,14,14,36,36,34,34,56,21,62,61,48,48,24,24,14,36,38,38,26,26,28,13,3,25,0],"gold":570,"neow_bonus":"RANDOM_COMMON_RELIC","is_prod":false,"is_daily":false,"chose_seed":false,"campfire_upgraded":3,"win_rate":0,"timestamp":1576941585,"path_taken":["M","?","?","M","?","R","M","R","T","R","M","M","E","?","R","BOSS","M","$","?","?","M","M","M","M","T","?","R","?","M","?","R","BOSS","M","M","?","M","?","E","R","E","T","E","?","M","?","M","R","BOSS"],"build_version":"2019-10-30","purchased_purges":1,"victory":false,"max_hp_per_floor":[70,70,70,70,70,70,70,70,70,70,70,70,70,70,70,70,70,70,70,75,75,75,75,75,75,75,75,75,75,75,75,75,75,75,75,75,75,75,75,75,75,75,75,75,75,75,75,75,75,75],"card_choices":[{"not_picked":["Reflex","PiercingWail"],"picked":"Blade Dance","floor":1.0},{"not_picked":["Noxious Fumes","Blur"],"picked":"Footwork","floor":4.0},{"not_picked":["Dash","Setup","PiercingWail"],"picked":"SKIP","floor":7.0},{"not_picked":["Eviscerate","Tactician"],"picked":"Infinite Blades","floor":11.0},{"not_picked":["Escape Plan","Poisoned Stab"],"picked":"Blade Dance","floor":12.0},{"not_picked":["Acrobatics","Expertise"],"picked":"Backflip","floor":13.0},{"not_picked":["Corpse Explosion","Die Die Die"],"picked":"Adrenaline","floor":16.0},{"not_picked":["Setup+1","Expertise"],"picked":"Accuracy","floor":18.0},{"not_picked":["Outmaneuver","Backflip"],"picked":"Dodge and Roll","floor":22.0},{"not_picked":["Expertise","Bouncing Flask","Bane"],"picked":"SKIP","floor":23.0},{"not_picked":["Deadly Poison","Quick Slash+1"],"picked":"Deflect","floor":24.0},{"not_picked":["Catalyst","All Out Attack+1","PiercingWail"],"picked":"SKIP","floor":25.0},{"not_picked":["Flechettes+1","Deadly Poison"],"picked":"Endless Agony+1","floor":30.0},{"not_picked":["Burst","Grand Finale"],"picked":"A Thousand Cuts","floor":33.0},{"not_picked":["PiercingWail+1","Bane"],"picked":"Prepared+1","floor":35.0},{"not_picked":["Underhanded Strike+1","Dagger Throw"],"picked":"Cloak And Dagger","floor":36.0},{"not_picked":["Concentrate+1","Accuracy"],"picked":"Blade Dance+1","floor":38.0},{"not_picked":["Dodge and Roll+1","Glass Knife"],"picked":"Footwork","floor":40.0},{"not_picked":["Noxious Fumes","Quick Slash"],"picked":"PiercingWail","floor":44.0},{"not_picked":["Discovery","Enlightenment"],"picked":"Impatience","floor":45.0},{"not_picked":["Quick Slash+1","Bane","Flying Knee"],"picked":"SKIP","floor":46.0},{"not_picked":["Underhanded Strike+1","Deflect","Deadly Poison"],"picked":"SKIP","floor":47},{"not_picked":["Eviscerate+1","Slice"],"picked":"Backflip+1","floor":48}],"player_experience":164141,"relics_obtained":[{"floor":9.0,"key":"Smiling Mask"},{"floor":13.0,"key":"Shuriken"},{"floor":26.0,"key":"Whetstone"},{"floor":31.0,"key":"Bag of Preparation"},{"floor":34.0,"key":"Torii"},{"floor":34.0,"key":"Matryoshka"},{"floor":34.0,"key":"Bag of Marbles"},{"floor":39.0,"key":"StrikeDummy"},{"floor":39.0,"key":"Bottled Lightning"},{"floor":40.0,"key":"Blood Vial"},{"floor":43.0,"key":"Lantern"},{"floor":43.0,"key":"MealTicket"},{"floor":44.0,"key":"Bronze Scales"}],"event_choices":[{"damage_healed":0.0,"max_hp_gain":0.0,"max_hp_loss":0.0,"gold_gain":0.0,"event_name":"Big Fish","player_choice":"Box","floor":2.0,"gold_loss":0.0,"damage_taken":0.0,"relics_obtained":["Centennial Puzzle"],"cards_obtained":["Regret"]},{"damage_healed":0.0,"max_hp_gain":0.0,"max_hp_loss":0.0,"gold_gain":75.0,"event_name":"World of Goop","player_choice":"Gather Gold","floor":3.0,"gold_loss":0.0,"damage_taken":11.0},{"cards_removed":["Regret"],"damage_healed":0.0,"max_hp_gain":0.0,"max_hp_loss":0.0,"gold_gain":0.0,"event_name":"Golden Wing","player_choice":"Card Removal","floor":5.0,"gold_loss":0.0,"damage_taken":7.0},{"damage_healed":17.0,"max_hp_gain":0.0,"max_hp_loss":0.0,"gold_gain":0.0,"event_name":"The Cleric","player_choice":"Healed","floor":14.0,"gold_loss":35.0,"damage_taken":0.0},{"damage_healed":0.0,"max_hp_gain":5.0,"max_hp_loss":0.0,"gold_gain":0.0,"event_name":"Forgotten Altar","player_choice":"Shed Blood","floor":20.0,"gold_loss":0.0,"damage_taken":18.0},{"damage_healed":0.0,"max_hp_gain":0.0,"max_hp_loss":0.0,"gold_gain":0.0,"event_name":"Back to Basics","player_choice":"Simplicity","floor":21.0,"gold_loss":0.0,"damage_taken":0.0,"cards_upgraded":["Strike_G","Strike_G","Strike_G","Strike_G","Strike_G","Defend_G","Defend_G","Defend_G","Defend_G"]},{"damage_healed":0.0,"max_hp_gain":0.0,"max_hp_loss":0.0,"gold_gain":0.0,"event_name":"Ghosts","player_choice":"Ignored","floor":27.0,"gold_loss":0.0,"damage_taken":0.0},{"damage_healed":0.0,"max_hp_gain":0.0,"max_hp_loss":0.0,"gold_gain":0.0,"cards_transformed":["Survivor","Defend_G"],"event_name":"Drug Dealer","player_choice":"Became Test Subject","floor":29.0,"gold_loss":0.0,"damage_taken":0.0,"cards_obtained":["Blade Dance","Tools of the Trade"]},{"damage_healed":0.0,"max_hp_gain":0.0,"max_hp_loss":0.0,"gold_gain":0.0,"event_name":"Tomb of Lord Red Mask","player_choice":"Ignored","floor":37.0,"gold_loss":0.0,"damage_taken":0.0},{"damage_healed":0.0,"max_hp_gain":0.0,"max_hp_loss":0.0,"gold_gain":0.0,"event_name":"SensoryStone","player_choice":"Memory 1","floor":45.0,"gold_loss":0.0,"damage_taken":0.0}],"is_beta":true,"boss_relics":[{"not_picked":["Snecko Eye","Busted Crown"],"picked":"SlaversCollar"},{"not_picked":["Coffee Dripper","Fusion Hammer"],"picked":"Calling Bell"}],"items_purged_floors":[19],"is_endless":false,"potions_floor_spawned":[4,7,12,13,23,25,30,33,35,38,40,46],"killed_by":"Awakened One","ascension_level":6}