{"gold_per_floor":[111,111,111,126,47,47,78,10,83,108,61,61,80,80,80,206,206,221,44,44,58,77,77,98,98,148,159,159],"floor_reached":28,"playtime":1219,"items_purged":[],"score":273,"play_id":"ea3b8bf5-f9ee-4bb4-a473-4ad8649ea7ea","local_time":"20191214172514","is_ascension_mode":true,"campfire_choices":[{"data":"Venomology","floor":6,"key":"SMITH"},{"data":"Catalyst","floor":15,"key":"SMITH"},{"data":"Burst","floor":23,"key":"SMITH"}],"neow_cost":"NONE","seed_source_timestamp":2689418365076994,"circlet_count":0,"master_deck":["Survivor","Neutralize","Masterful Stab","Venomology+1","Adrenaline","Catalyst+1","Crippling Poison","Poisoned Stab","Parasite","Venomology","Bullet Time","Night Terror","Flying Knee","Bullet Time","Bane","Poisoned Stab","Caltrops","Burst+1","Envenom","Backflip","Dash","PiercingWail+1","Backstab+1","Predator","Jack Of All Trades","Wraith Form v2","Crippling Poison+1"],"relics":["Coffee Dripper","Mercury Hourglass","Letter Opener","Pandora\u0027s Box","Orrery","Nloth\u0027s Gift","Dream Catcher"],"potions_floor_usage":[7,7,13,16,18,22,22,22,24,24],"damage_taken":[{"damage":0,"enemies":"Jaw Worm","floor":1,"turns":5},{"damage":4,"enemies":"Small Slimes","floor":4,"turns":3},{"damage":6,"enemies":"Lagavulin","floor":7,"turns":9},{"damage":0,"enemies":"Cultist","floor":10,"turns":3},{"damage":0,"enemies":"Exordium Wildlife","floor":13,"turns":2},{"damage":20,"enemies":"Hexaghost","floor":16,"turns":8},{"damage":0,"enemies":"Chosen","floor":18,"turns":3},{"damage":0,"enemies":"Spheric Guardian","floor":21,"turns":2},{"damage":8,"enemies":"3 Cultists","floor":22,"turns":3},{"damage":4,"enemies":"Centurion and Healer","floor":24,"turns":4},{"damage":24,"enemies":"Snake Plant","floor":27,"turns":3},{"damage":16,"enemies":"Shelled Parasite and Fungi","floor":28,"turns":2}],"seed_played":"-9208634925526289511","potions_obtained":[{"floor":4,"key":"GamblersBrew"},{"floor":21,"key":"Dexterity Potion"},{"floor":22,"key":"DuplicationPotion"},{"floor":27,"key":"GhostInAJar"}],"is_trial":false,"path_per_floor":["M","?","?","M","$","R","E","$","T","M","$","?","M","?","R","B",null,"M","$","?","M","M","R","M","?","T","M","M"],"character_chosen":"THE_SILENT","items_purchased":["Venomology","Catalyst","Poisoned Stab","Backflip","Orrery"],"campfire_rested":0,"item_purchase_floors":[5,8,11,19,19],"current_hp_per_floor":[70,65,65,61,61,61,55,55,55,55,55,55,55,65,65,45,60,60,60,48,48,40,40,36,36,36,12,0],"gold":159,"neow_bonus":"BOSS_RELIC","is_prod":false,"is_daily":false,"chose_seed":false,"campfire_upgraded":3,"win_rate":0,"timestamp":1576326314,"path_taken":["M","?","?","M","$","R","E","?","T","M","$","?","?","?","R","BOSS","M","$","?","M","?","R","M","?","T","M","M"],"build_version":"2019-10-30","purchased_purges":0,"victory":false,"max_hp_per_floor":[70,65,65,65,65,65,65,65,65,65,65,65,65,65,65,65,65,65,65,65,65,65,65,65,65,65,65,65],"card_choices":[{"not_picked":["Quick Slash","Deflect","Terror"],"picked":"SKIP","floor":1},{"not_picked":["Choke","Escape Plan"],"picked":"Masterful Stab","floor":4},{"not_picked":["Well Laid Plans","Underhanded Strike"],"picked":"Adrenaline","floor":7},{"not_picked":["Escape Plan","Sucker Punch"],"picked":"Crippling Poison","floor":10},{"not_picked":["Flying Knee","Eviscerate","Dagger Throw"],"picked":"SKIP","floor":13},{"not_picked":["Malaise","Adrenaline"],"picked":"Venomology","floor":16},{"not_picked":["Dagger Spray","Prepared","Cloak And Dagger+1"],"picked":"SKIP","floor":18},{"not_picked":["Prepared+1","Dagger Throw"],"picked":"Dash","floor":19},{"not_picked":["Acrobatics","Outmaneuver+1"],"picked":"PiercingWail+1","floor":19},{"not_picked":["Infinite Blades","All Out Attack+1"],"picked":"Backstab+1","floor":19},{"not_picked":["Concentrate","Outmaneuver"],"picked":"Predator","floor":19},{"not_picked":["Dash","Accuracy","Flechettes"],"picked":"SKIP","floor":21},{"not_picked":["Flying Knee","Acrobatics"],"picked":"Wraith Form v2","floor":22},{"not_picked":["Setup+1","Tactician","PiercingWail"],"picked":"SKIP","floor":24},{"not_picked":["Riddle With Holes","PiercingWail+1"],"picked":"Crippling Poison+1","floor":27}],"player_experience":141448,"relics_obtained":[{"floor":7,"key":"Mercury Hourglass"},{"floor":9,"key":"Letter Opener"},{"floor":26,"key":"Dream Catcher"}],"event_choices":[{"damage_healed":0,"gold_gain":0,"player_choice":"Lose Max HP","damage_taken":0,"relics_obtained":["Golden Idol"],"max_hp_gain":0,"max_hp_loss":5,"event_name":"Golden Idol","floor":2,"gold_loss":0},{"damage_healed":0,"gold_gain":0,"player_choice":"Ignored","damage_taken":0,"max_hp_gain":0,"max_hp_loss":0,"event_name":"Shining Light","floor":3,"gold_loss":0},{"cards_removed":["Strike_G"],"damage_healed":0,"gold_gain":0,"player_choice":"Offered Basic","damage_taken":0,"max_hp_gain":0,"max_hp_loss":0,"event_name":"Bonfire Elementals","floor":12,"gold_loss":0},{"damage_healed":16,"gold_gain":0,"player_choice":"Healed and dodged fight","damage_taken":0,"max_hp_gain":0,"max_hp_loss":0,"event_name":"Mushrooms","floor":14,"gold_loss":0,"cards_obtained":["Parasite"]},{"damage_healed":0,"gold_gain":0,"player_choice":"CARD ","damage_taken":12,"max_hp_gain":0,"max_hp_loss":0,"event_name":"Knowing Skull","floor":20,"potions_obtained":[],"gold_loss":0,"cards_obtained":["Jack Of All Trades"]},{"damage_healed":0,"gold_gain":0,"player_choice":"Traded Relic","damage_taken":0,"relics_obtained":["Nloth\u0027s Gift"],"max_hp_gain":0,"max_hp_loss":0,"event_name":"N\u0027loth","floor":25,"relics_lost":["Golden Idol"],"gold_loss":0}],"is_beta":true,"boss_relics":[{"not_picked":["Sozu","Ectoplasm"],"picked":"Pandora\u0027s Box"}],"items_purged_floors":[],"is_endless":false,"potions_floor_spawned":[4,21,22,27],"killed_by":"Shelled Parasite and Fungi","ascension_level":5}