{"gold_per_floor":[113,68,68,83,93,93,107,126,177,190,190,215,3,3,3,104,104,120,134,134,149,149,149,167,167,194,226,226,256,256,267,267,366,366,382,382,382,399,415,415,270,282,282,282,305,320,28,46,46,46],"floor_reached":51,"playtime":1976,"items_purged":["Strike_G","Strike_G"],"score":980,"play_id":"1d37d308-10d8-4dab-a20c-fc9ab847e1c3","local_time":"20191228210203","is_ascension_mode":true,"campfire_choices":[{"data":"Deadly Poison","floor":6.0,"key":"SMITH"},{"data":"Catalyst","floor":11.0,"key":"SMITH"},{"data":"Burst","floor":15,"key":"SMITH"},{"floor":23,"key":"REST"},{"data":"Distraction","floor":25,"key":"SMITH"},{"data":"Dodge and Roll","floor":28,"key":"SMITH"},{"floor":32,"key":"REST"},{"floor":40,"key":"REST"},{"data":"Tools of the Trade","floor":44,"key":"SMITH"},{"floor":49,"key":"REST"}],"neow_cost":"NONE","seed_source_timestamp":865746626246722,"circlet_count":0,"master_deck":["Strike_G","Defend_G","Defend_G","Defend_G","Defend_G","Defend_G","Survivor","Neutralize+1","Deadly Poison+1","Dodge and Roll+1","Backflip","Catalyst+1","Noxious Fumes","Tactician","Blur","Burst+1","Underhanded Strike+1","Corpse Explosion","Distraction+1","Tools of the Trade+1","Backflip+1","PiercingWail+1","Reflex","Sucker Punch+1"],"special_seed":0,"relics":["Ring of the Snake","Blood Vial","Strawberry","Blue Candle","WristBlade","Happy Flower","Toy Ornithopter","Whetstone","Sozu","Toolbox","Akabeko","Juzu Bracelet","Lantern"],"potions_floor_usage":[16,16,27,29,33,33,33,33,46,50],"damage_taken":[{"damage":1.0,"enemies":"Cultist","floor":1.0,"turns":4.0},{"damage":0.0,"enemies":"2 Louse","floor":4.0,"turns":3.0},{"damage":0.0,"enemies":"Jaw Worm","floor":5.0,"turns":4.0},{"damage":4.0,"enemies":"3 Louse","floor":7.0,"turns":4.0},{"damage":0.0,"enemies":"Looter","floor":8.0,"turns":5.0},{"damage":2.0,"enemies":"Gremlin Gang","floor":10.0,"turns":5.0},{"damage":22.0,"enemies":"3 Sentries","floor":12.0,"turns":7.0},{"damage":12,"enemies":"The Guardian","floor":16,"turns":8},{"damage":12,"enemies":"3 Byrds","floor":18,"turns":4},{"damage":0,"enemies":"Shell Parasite","floor":19,"turns":4},{"damage":36,"enemies":"Shelled Parasite and Fungi","floor":21,"turns":6},{"damage":0,"enemies":"3 Cultists","floor":24,"turns":2},{"damage":0,"enemies":"Gremlin Leader","floor":27,"turns":7},{"damage":10,"enemies":"Book of Stabbing","floor":29,"turns":6},{"damage":36,"enemies":"Snecko","floor":31,"turns":6},{"damage":55,"enemies":"Collector","floor":33,"turns":11},{"damage":41,"enemies":"3 Darklings","floor":35,"turns":3},{"damage":0,"enemies":"Orb Walker","floor":38,"turns":4},{"damage":0,"enemies":"Maw","floor":39,"turns":6},{"damage":2,"enemies":"Writhing Mass","floor":42,"turns":5},{"damage":18,"enemies":"Sphere and 2 Shapes","floor":46,"turns":5},{"damage":7,"enemies":"Spire Growth","floor":48,"turns":4},{"damage":30,"enemies":"Donu and Deca","floor":50,"turns":4}],"seed_played":"6918967244079557447","potions_obtained":[{"floor":4.0,"key":"Dexterity Potion"},{"floor":5.0,"key":"BlessingOfTheForge"},{"floor":7.0,"key":"Fire Potion"},{"floor":10.0,"key":"Explosive Potion"},{"floor":16,"key":"BlessingOfTheForge"},{"floor":18,"key":"BlessingOfTheForge"},{"floor":19,"key":"EntropicBrew"},{"floor":27,"key":"Block Potion"},{"floor":33,"key":"LiquidMemories"}],"is_trial":false,"path_per_floor":["M","$","?","M","M","R","M","M","T","M","R","E","$","?","R","B",null,"M","M","?","M","?","R","M","R","T","E","R","E","$","M","R","B",null,"M","?","?","M","M","R","$","M","T","R","T","M","$","M","R","B",null],"character_chosen":"THE_SILENT","items_purchased":["Dodge and Roll","Burst","Toolbox","Lantern","Reflex"],"campfire_rested":4,"item_purchase_floors":[2,13,41,47,47],"current_hp_per_floor":[64,64,64,66,68,68,66,68,75,75,75,55,55,55,55,45,69,59,61,61,27,27,50,52,52,52,54,54,51,51,17,40,7,60,21,21,21,23,25,48,48,48,48,48,48,37,37,32,55,32],"gold":46,"neow_bonus":"RANDOM_COMMON_RELIC","is_prod":false,"is_daily":false,"chose_seed":false,"campfire_upgraded":6,"win_rate":0,"timestamp":1577548923,"path_taken":["M","?","?","M","M","R","M","?","T","M","R","E","?","?","R","BOSS","M","M","?","M","?","R","M","R","T","E","R","E","$","M","R","BOSS","M","?","?","M","?","R","?","M","T","R","?","M","$","M","R","BOSS"],"build_version":"2019-10-30","purchased_purges":2,"victory":true,"max_hp_per_floor":[70,70,70,70,70,70,70,70,77,77,77,77,77,77,77,77,77,77,77,77,77,77,77,77,77,77,77,77,77,77,77,77,77,77,77,77,77,77,77,77,77,77,77,77,77,77,77,77,77,77],"card_choices":[{"not_picked":["Expertise","Dodge and Roll"],"picked":"Deadly Poison","floor":1.0},{"not_picked":["Sucker Punch","Infinite Blades"],"picked":"Backflip","floor":4.0},{"not_picked":["Leg Sweep","Dagger Throw"],"picked":"Catalyst","floor":5.0},{"not_picked":["Crippling Poison","Prepared"],"picked":"Noxious Fumes","floor":7.0},{"not_picked":["Bane","Acrobatics","Finisher"],"picked":"SKIP","floor":8.0},{"not_picked":["Dagger Throw","Acrobatics"],"picked":"Tactician","floor":10.0},{"not_picked":["Flechettes","Quick Slash"],"picked":"Blur","floor":12.0},{"not_picked":["Bullet Time","Tools of the Trade"],"picked":"Corpse Explosion","floor":16},{"not_picked":["Skewer","Poisoned Stab"],"picked":"Distraction","floor":18},{"not_picked":["Deflect","Outmaneuver","Bane"],"picked":"SKIP","floor":19},{"not_picked":["Finisher+1","Underhanded Strike+1","Cloak And Dagger"],"picked":"SKIP","floor":21},{"not_picked":["Sucker Punch","Flying Knee+1","Bane"],"picked":"SKIP","floor":24},{"not_picked":["Cloak And Dagger","Concentrate","Skewer"],"picked":"SKIP","floor":27},{"not_picked":["Choke+1","Envenom","Dagger Throw"],"picked":"SKIP","floor":29},{"not_picked":["Outmaneuver","Endless Agony","Bane"],"picked":"SKIP","floor":31},{"not_picked":["Glass Knife","Malaise"],"picked":"Tools of the Trade","floor":33},{"not_picked":["Cloak And Dagger+1","Slice","Outmaneuver"],"picked":"SKIP","floor":35},{"not_picked":["Accuracy","Poisoned Stab"],"picked":"Backflip+1","floor":38},{"not_picked":["Masterful Stab","Riddle With Holes+1","Glass Knife"],"picked":"SKIP","floor":39},{"not_picked":["PiercingWail","Heel Hook","Dagger Throw"],"picked":"SKIP","floor":42},{"not_picked":["Bouncing Flask","Bane"],"picked":"PiercingWail+1","floor":46},{"not_picked":["Slice","Backstab"],"picked":"Sucker Punch+1","floor":48}],"player_experience":185364,"relics_obtained":[{"floor":9.0,"key":"Strawberry"},{"floor":12.0,"key":"Blue Candle"},{"floor":26,"key":"Happy Flower"},{"floor":27,"key":"Toy Ornithopter"},{"floor":29,"key":"Whetstone"},{"floor":43,"key":"Akabeko"},{"floor":45,"key":"Juzu Bracelet"}],"event_choices":[{"damage_healed":0.0,"max_hp_gain":0.0,"max_hp_loss":0.0,"gold_gain":0.0,"event_name":"Upgrade Shrine","player_choice":"Upgraded","floor":3.0,"gold_loss":0.0,"damage_taken":0.0,"cards_upgraded":["Neutralize"]},{"damage_healed":0,"gold_gain":0,"cards_transformed":["Strike_G"],"player_choice":"Change","damage_taken":0,"max_hp_gain":0,"max_hp_loss":0,"event_name":"Living Wall","floor":14,"gold_loss":0,"cards_obtained":["Underhanded Strike"]},{"damage_healed":0,"gold_gain":0,"player_choice":"Ignored","damage_taken":0,"max_hp_gain":0,"max_hp_loss":0,"event_name":"Ghosts","floor":20,"gold_loss":0},{"damage_healed":0,"gold_gain":0,"player_choice":"Ignored","damage_taken":0,"max_hp_gain":0,"max_hp_loss":0,"event_name":"Cursed Tome","floor":22,"gold_loss":0},{"cards_removed":["Strike_G"],"damage_healed":0,"gold_gain":0,"player_choice":"Removed Attack","damage_taken":0,"max_hp_gain":0,"max_hp_loss":0,"event_name":"Falling","floor":36,"gold_loss":0},{"damage_healed":0,"gold_gain":0,"player_choice":"Got Potions","damage_taken":0,"max_hp_gain":0,"max_hp_loss":0,"event_name":"Lab","floor":37,"gold_loss":0}],"is_beta":true,"boss_relics":[{"not_picked":["Cursed Key","Fusion Hammer"],"picked":"WristBlade"},{"not_picked":["SacredBark","Philosopher\u0027s Stone"],"picked":"Sozu"}],"items_purged_floors":[13,47],"is_endless":false,"potions_floor_spawned":[4,5,7,10,16,18,19,27,33,38,42],"ascension_level":7}