{"gold_per_floor":[113,60,135,310,260,294,294,311,385,396,428,428,442,442,442,573,573,587,618,618,543],"floor_reached":21,"playtime":660,"items_purged":[],"score":294,"play_id":"19b33e26-bcdf-45ad-84f8-0f10131b1c35","local_time":"20200101133752","is_ascension_mode":true,"campfire_choices":[{"data":"Neutralize","floor":7,"key":"SMITH"},{"floor":15,"key":"REST"}],"neow_cost":"NONE","seed_source_timestamp":1186055918843181,"circlet_count":0,"master_deck":["Strike_G","Strike_G","Strike_G","Strike_G+1","Strike_G","Defend_G","Defend_G","Defend_G","Defend_G+1","Survivor","Neutralize+1","Footwork","Dodge and Roll","Cloak And Dagger","Dodge and Roll","Backflip","Envenom","Bullet Time","CurseOfTheBell","Backflip+1","Bouncing Flask"],"relics":["Ring of the Snake","NeowsBlessing","Ginger","Mercury Hourglass","Letter Opener","Golden Idol","Calling Bell","Centennial Puzzle","Ornamental Fan","Ice Cream","Red Mask"],"potions_floor_usage":[11,19],"damage_taken":[{"damage":0,"enemies":"2 Louse","floor":1,"turns":1},{"damage":0,"enemies":"3 Sentries","floor":6,"turns":1},{"damage":0,"enemies":"Small Slimes","floor":8,"turns":1},{"damage":0,"enemies":"Jaw Worm","floor":10,"turns":3},{"damage":7,"enemies":"Lagavulin","floor":11,"turns":9},{"damage":4,"enemies":"Blue Slaver","floor":13,"turns":4},{"damage":17,"enemies":"The Guardian","floor":16,"turns":17},{"damage":2,"enemies":"Chosen","floor":18,"turns":5},{"damage":29,"enemies":"Masked Bandits","floor":19,"turns":8},{"damage":11,"enemies":"2 Thieves","floor":21,"turns":4}],"seed_played":"-7086302675663461629","potions_obtained":[{"floor":8,"key":"EssenceOfSteel"},{"floor":10,"key":"SteroidPotion"},{"floor":16,"key":"SmokeBomb"}],"is_trial":false,"path_per_floor":["M","$","?","?","?","E","R","M","T","M","E","?","M","?","R","B",null,"M","?","?","M"],"character_chosen":"THE_SILENT","items_purchased":["Dodge and Roll"],"campfire_rested":1,"item_purchase_floors":[2],"current_hp_per_floor":[63,63,52,52,52,52,52,52,52,52,45,45,41,28,47,30,56,54,25,25,14],"gold":543,"neow_bonus":"THREE_ENEMY_KILL","is_prod":false,"is_daily":false,"chose_seed":false,"campfire_upgraded":1,"win_rate":0,"timestamp":1577867872,"path_taken":["M","$","?","?","?","E","R","M","T","M","E","?","?","?","R","BOSS","M","?","?","?"],"build_version":"2019-10-30","purchased_purges":0,"victory":false,"max_hp_per_floor":[70,70,70,70,70,70,70,70,70,70,70,65,65,65,65,65,65,65,65,65,65],"card_choices":[{"not_picked":["Deflect","Dagger Throw"],"picked":"Footwork","floor":1},{"not_picked":["Quick Slash","Dagger Spray"],"picked":"Cloak And Dagger","floor":6},{"not_picked":["Bane","Poisoned Stab","All Out Attack"],"picked":"SKIP","floor":8},{"not_picked":["Escape Plan","Underhanded Strike"],"picked":"Dodge and Roll","floor":10},{"not_picked":["Dagger Throw","Underhanded Strike"],"picked":"Backflip","floor":11},{"not_picked":["Outmaneuver","Sucker Punch"],"picked":"Envenom","floor":13},{"not_picked":["Malaise","Night Terror"],"picked":"Bullet Time","floor":16},{"not_picked":["Bouncing Flask","Deadly Poison+1"],"picked":"Backflip+1","floor":18}],"player_experience":192643,"relics_obtained":[{"floor":6,"key":"Ginger"},{"floor":9,"key":"Mercury Hourglass"},{"floor":11,"key":"Letter Opener"},{"floor":17,"key":"Centennial Puzzle"},{"floor":17,"key":"Ornamental Fan"},{"floor":17,"key":"Ice Cream"},{"floor":19,"key":"Red Mask"}],"event_choices":[{"damage_healed":0,"gold_gain":75,"player_choice":"Gather Gold","damage_taken":11,"max_hp_gain":0,"max_hp_loss":0,"event_name":"World of Goop","floor":3,"gold_loss":0},{"damage_healed":0,"gold_gain":175,"player_choice":"AGREE","damage_taken":0,"max_hp_gain":0,"max_hp_loss":0,"event_name":"Liars Game","floor":4,"gold_loss":0,"cards_obtained":["Doubt"]},{"cards_removed":["Doubt"],"damage_healed":0,"gold_gain":0,"player_choice":"Card Removal","damage_taken":0,"max_hp_gain":0,"max_hp_loss":0,"event_name":"The Cleric","floor":5,"gold_loss":50},{"damage_healed":0,"gold_gain":0,"player_choice":"Lose Max HP","damage_taken":0,"relics_obtained":["Golden Idol"],"max_hp_gain":0,"max_hp_loss":5,"event_name":"Golden Idol","floor":12,"gold_loss":0},{"damage_healed":0,"gold_gain":0,"player_choice":"Entered Light","damage_taken":13,"max_hp_gain":0,"max_hp_loss":0,"event_name":"Shining Light","floor":14,"gold_loss":0,"cards_upgraded":["Strike_G","Defend_G"]},{"damage_healed":0,"gold_gain":0,"player_choice":"Fought Bandits","damage_taken":0,"max_hp_gain":0,"max_hp_loss":0,"event_name":"Masked Bandits","floor":19,"gold_loss":0},{"damage_healed":0,"gold_gain":0,"cards_transformed":["Defend_G"],"player_choice":"Transformed","damage_taken":0,"max_hp_gain":0,"max_hp_loss":0,"event_name":"Transmorgrifier","floor":20,"gold_loss":0,"cards_obtained":["Bouncing Flask"]}],"is_beta":true,"boss_relics":[{"not_picked":["Empty Cage","Coffee Dripper"],"picked":"Calling Bell"}],"items_purged_floors":[],"is_endless":false,"potions_floor_spawned":[8,10,16],"killed_by":"2 Thieves","ascension_level":8}