{"gold_per_floor":[366,65,80,94,155,155,155,155,155,155],"floor_reached":10,"playtime":288,"items_purged":[],"score":78,"play_id":"131411df-52bc-4256-bbc6-f976a9ae5612","local_time":"20191229185151","is_ascension_mode":true,"campfire_choices":[{"data":"Concentrate","floor":6,"key":"SMITH"}],"neow_cost":"TEN_PERCENT_HP_LOSS","seed_source_timestamp":946047548524029,"circlet_count":0,"master_deck":["Strike_G","Strike_G","Strike_G","Strike_G","Strike_G","Defend_G","Defend_G","Defend_G","Defend_G","Defend_G","Survivor","Neutralize","Prepared","Reflex","Concentrate+1","Prepared","Underhanded Strike","Regret"],"relics":["Ring of the Snake","Tiny Chest","The Courier","Sundial","Lantern"],"potions_floor_usage":[4,10],"damage_taken":[{"damage":4,"enemies":"Jaw Worm","floor":1,"turns":5},{"damage":1,"enemies":"Small Slimes","floor":3,"turns":4},{"damage":5,"enemies":"Cultist","floor":4,"turns":4},{"damage":67,"enemies":"Lagavulin","floor":10,"turns":7}],"seed_played":"-9110807062901802158","potions_obtained":[{"floor":1,"key":"ColorlessPotion"},{"floor":3,"key":"SteroidPotion"},{"floor":4,"key":"CunningPotion"}],"is_trial":false,"path_per_floor":["M","$","M","M","?","R","?","?","T","E"],"character_chosen":"THE_SILENT","items_purchased":["Reflex","Concentrate","Tiny Chest"],"campfire_rested":0,"item_purchase_floors":[2,2,2],"current_hp_per_floor":[59,59,58,53,53,53,53,53,53,0],"gold":155,"neow_bonus":"TWO_FIFTY_GOLD","is_prod":false,"is_daily":false,"chose_seed":false,"campfire_upgraded":1,"win_rate":0,"timestamp":1577627511,"path_taken":["M","$","M","M","?","R","?","?","T","E"],"build_version":"2019-10-30","purchased_purges":0,"victory":false,"max_hp_per_floor":[63,63,63,63,63,63,63,63,63,63],"card_choices":[{"not_picked":["Quick Slash","Sucker Punch"],"picked":"Prepared","floor":1},{"not_picked":["Quick Slash","Burst"],"picked":"Prepared","floor":3},{"not_picked":["Slice","Predator"],"picked":"Underhanded Strike","floor":4}],"player_experience":187340,"relics_obtained":[{"floor":9,"key":"Lantern"}],"event_choices":[{"damage_healed":0,"gold_gain":61,"player_choice":"Gained Gold","damage_taken":0,"max_hp_gain":0,"max_hp_loss":0,"event_name":"Golden Wing","floor":5,"gold_loss":0},{"damage_healed":0,"gold_gain":0,"player_choice":"Box","damage_taken":0,"relics_obtained":["The Courier"],"max_hp_gain":0,"max_hp_loss":0,"event_name":"Big Fish","floor":7,"gold_loss":0,"cards_obtained":["Regret"]},{"damage_healed":0,"gold_gain":0,"player_choice":"Gave Potion","damage_taken":0,"relics_obtained":["Sundial"],"max_hp_gain":0,"max_hp_loss":0,"event_name":"WeMeetAgain","floor":8,"gold_loss":0}],"is_beta":true,"boss_relics":[],"items_purged_floors":[],"is_endless":false,"potions_floor_spawned":[1,3,4],"killed_by":"Lagavulin","ascension_level":8}