{"gold_per_floor":[112,112,112,23,37,70,70,145,145,108,33,57,96,115,115,115],"floor_reached":16,"playtime":532,"items_purged":[],"score":218,"play_id":"311d8073-a835-4b65-b527-8f8af8f1659a","local_time":"20200105191415","is_ascension_mode":true,"campfire_choices":[{"data":"Well Laid Plans","floor":7,"key":"SMITH"},{"data":"Concentrate","floor":15,"key":"SMITH"}],"neow_cost":"NONE","seed_source_timestamp":1551985370024350,"circlet_count":0,"master_deck":["Strike_G","Strike_G","Strike_G","Strike_G","Strike_G","Defend_G","Defend_G","Defend_G","Defend_G","Defend_G","Survivor","Neutralize","Underhanded Strike","Underhanded Strike","Well Laid Plans+1","Backflip","Dagger Throw","Expertise","Concentrate+1","Calculated Gamble"],"special_seed":0,"relics":["Ring of the Snake","NeowsBlessing","Golden Idol","PreservedInsect","Molten Egg 2","Dream Catcher","Oddly Smooth Stone"],"potions_floor_usage":[],"damage_taken":[{"damage":0.0,"enemies":"Small Slimes","floor":1.0,"turns":1.0},{"damage":0.0,"enemies":"2 Louse","floor":5.0,"turns":1.0},{"damage":0.0,"enemies":"Lagavulin","floor":6.0,"turns":1.0},{"damage":0,"enemies":"3 Sentries","floor":13,"turns":7},{"damage":0,"enemies":"Jaw Worm","floor":14,"turns":3},{"damage":40,"enemies":"Slime Boss","floor":16,"turns":14}],"seed_played":"8257721620919248598","potions_obtained":[{"floor":13,"key":"Energy Potion"}],"is_trial":false,"path_per_floor":["M","?","?","$","M","E","R","?","T","$","$","T","E","M","R","B"],"character_chosen":"THE_SILENT","items_purchased":["Underhanded Strike","Well Laid Plans","Expertise","Concentrate"],"campfire_rested":0,"item_purchase_floors":[4,4,10,11],"current_hp_per_floor":[63,46,46,46,46,46,46,35,35,35,35,35,35,35,35,0],"gold":115,"neow_bonus":"THREE_ENEMY_KILL","is_prod":false,"is_daily":false,"chose_seed":false,"campfire_upgraded":2,"win_rate":0,"timestamp":1578233655,"path_taken":["M","?","?","$","M","E","R","?","T","?","$","?","E","M","R","BOSS"],"build_version":"2019-10-30","purchased_purges":0,"victory":false,"max_hp_per_floor":[70,70,70,70,70,70,70,70,70,70,70,70,70,70,70,70],"card_choices":[{"not_picked":["PiercingWail","Concentrate"],"picked":"Underhanded Strike","floor":1.0},{"not_picked":["Deadly Poison","PiercingWail"],"picked":"Backflip","floor":5.0},{"not_picked":["Blade Dance","Concentrate"],"picked":"Dagger Throw","floor":6},{"not_picked":["Outmaneuver","Finisher+1"],"picked":"Calculated Gamble","floor":13},{"not_picked":["Dagger Throw+1","Deadly Poison","Well Laid Plans"],"picked":"SKIP","floor":14}],"player_experience":205436,"relics_obtained":[{"floor":6,"key":"PreservedInsect"},{"floor":9,"key":"Molten Egg 2"},{"floor":12,"key":"Dream Catcher"},{"floor":13,"key":"Oddly Smooth Stone"}],"event_choices":[{"damage_healed":0.0,"max_hp_gain":0.0,"max_hp_loss":0.0,"gold_gain":0.0,"event_name":"Golden Idol","player_choice":"Take Damage","floor":2.0,"gold_loss":0.0,"damage_taken":17.0,"relics_obtained":["Golden Idol"]},{"damage_healed":0.0,"max_hp_gain":0.0,"max_hp_loss":0.0,"gold_gain":0.0,"event_name":"Shining Light","player_choice":"Ignored","floor":3.0,"gold_loss":0.0,"damage_taken":0.0},{"damage_healed":0,"gold_gain":75,"player_choice":"Gather Gold","damage_taken":11,"max_hp_gain":0,"max_hp_loss":0,"event_name":"World of Goop","floor":8,"gold_loss":0}],"is_beta":true,"boss_relics":[],"items_purged_floors":[],"is_endless":false,"potions_floor_spawned":[13],"killed_by":"Slime Boss","ascension_level":8}