{"gold_per_floor":[116,116,116,116,126,140,140,171,197,197,227,242,242,259,259,361,361,381,398,398,398,398,398,411,411,411,440,440,440,457,469,469,469],"floor_reached":33,"playtime":1310,"items_purged":[],"score":420,"play_id":"0e5fb002-35b9-4138-8b94-231b4ae2ae40","local_time":"20200108215717","is_ascension_mode":true,"campfire_choices":[{"data":"Cloak And Dagger","floor":7.0,"key":"SMITH"},{"floor":10.0,"key":"REST"},{"floor":13.0,"key":"REST"},{"data":"Envenom","floor":15.0,"key":"SMITH"},{"data":"Cloak And Dagger","floor":23.0,"key":"SMITH"},{"data":"Neutralize","floor":25.0,"key":"SMITH"},{"data":"Backflip","floor":32.0,"key":"SMITH"}],"neow_cost":"NONE","seed_source_timestamp":1820183615859859,"circlet_count":0,"master_deck":["Strike_G","Strike_G","Defend_G","Defend_G","Defend_G+1","Survivor","Neutralize+1","Envenom+1","Poisoned Stab","Wraith Form v2","All Out Attack","Cloak And Dagger+1","Riddle With Holes","Venomology+1","Cloak And Dagger+1","Dagger Spray","Backflip+1","Adrenaline","Deflect","Necronomicurse","Blade Dance+1","Riddle With Holes+1"],"special_seed":0,"relics":["Ring of the Snake","Regal Pillow","Eternal Feather","War Paint","Akabeko","Empty Cage","Necronomicon","Prayer Wheel","Toxic Egg 2"],"potions_floor_usage":[33],"damage_taken":[{"damage":4.0,"enemies":"Small Slimes","floor":1.0,"turns":4.0},{"damage":0.0,"enemies":"2 Louse","floor":5.0,"turns":2.0},{"damage":0.0,"enemies":"Cultist","floor":6.0,"turns":3.0},{"damage":25.0,"enemies":"Gremlin Nob","floor":8.0,"turns":4.0},{"damage":43.0,"enemies":"3 Sentries","floor":11.0,"turns":8.0},{"damage":3.0,"enemies":"Blue Slaver","floor":12.0,"turns":3.0},{"damage":0.0,"enemies":"2 Fungi Beasts","floor":14.0,"turns":1.0},{"damage":15.0,"enemies":"Slime Boss","floor":16.0,"turns":10.0},{"damage":13.0,"enemies":"Spheric Guardian","floor":18.0,"turns":4.0},{"damage":17.0,"enemies":"Shell Parasite","floor":19.0,"turns":7.0},{"damage":0.0,"enemies":"Cultist and Chosen","floor":24.0,"turns":4.0},{"damage":0.0,"enemies":"Slavers","floor":27.0,"turns":4.0},{"damage":0.0,"enemies":"Snake Plant","floor":30.0,"turns":5.0},{"damage":13.0,"enemies":"Snecko","floor":31.0,"turns":5.0},{"damage":57,"enemies":"Collector","floor":33,"turns":6}],"seed_played":"8573677425393433694","potions_obtained":[{"floor":5.0,"key":"DistilledChaos"},{"floor":11.0,"key":"Block Potion"},{"floor":12.0,"key":"Block Potion"},{"floor":16.0,"key":"SkillPotion"},{"floor":18.0,"key":"Block Potion"},{"floor":19.0,"key":"PowerPotion"},{"floor":30.0,"key":"CunningPotion"}],"is_trial":false,"path_per_floor":["M","?","?","?","M","M","R","E","T","R","E","M","R","M","R","B",null,"M","M","?","?","?","R","M","R","T","E","?","?","M","M","R","B"],"character_chosen":"THE_SILENT","items_purchased":[],"campfire_rested":2,"item_purchase_floors":[],"current_hp_per_floor":[59,59,52,52,52,52,52,27,27,70,27,24,69,69,70,55,66,53,36,59,46,30,42,42,54,54,54,54,54,54,41,53,0],"gold":469,"neow_bonus":"ONE_RANDOM_RARE_CARD","is_prod":false,"is_daily":false,"chose_seed":false,"campfire_upgraded":5,"win_rate":0,"timestamp":1578502637,"path_taken":["M","?","?","?","M","?","R","E","T","R","E","M","R","M","R","BOSS","M","M","?","?","?","R","M","R","T","E","?","?","M","M","R","BOSS"],"build_version":"2019-10-30","purchased_purges":0,"victory":false,"max_hp_per_floor":[70,70,70,70,70,70,70,70,70,70,70,70,70,70,70,70,70,70,70,70,75,75,75,75,75,75,75,75,75,75,75,75,75],"card_choices":[{"not_picked":["PiercingWail","Well Laid Plans"],"picked":"Poisoned Stab","floor":1.0},{"not_picked":["Flying Knee","Dodge and Roll"],"picked":"Cloak And Dagger","floor":5.0},{"not_picked":["Sucker Punch","PiercingWail"],"picked":"Riddle With Holes","floor":6.0},{"not_picked":["Outmaneuver","Skewer"],"picked":"Venomology","floor":8.0},{"not_picked":["Poisoned Stab","PiercingWail"],"picked":"Cloak And Dagger","floor":11.0},{"not_picked":["Dagger Throw","Outmaneuver"],"picked":"Dagger Spray","floor":12.0},{"not_picked":["Underhanded Strike","Predator"],"picked":"Backflip","floor":14.0},{"not_picked":["Night Terror","Bullet Time"],"picked":"Adrenaline","floor":16.0},{"not_picked":["Setup","Finisher"],"picked":"Deflect","floor":18.0},{"not_picked":["Sucker Punch+1","Leg Sweep+1","Prepared"],"picked":"SKIP","floor":19.0},{"not_picked":["Setup","Finisher","Bane+1"],"picked":"SKIP","floor":24.0},{"not_picked":["Quick Slash","Underhanded Strike","Dagger Spray"],"picked":"SKIP","floor":27.0},{"not_picked":["Caltrops","Escape Plan+1"],"picked":"Blade Dance+1","floor":30.0},{"not_picked":["Prepared+1","Expertise+1","Dodge and Roll+1"],"picked":"SKIP","floor":30.0},{"not_picked":["All Out Attack+1","Dodge and Roll+1"],"picked":"Riddle With Holes+1","floor":31.0},{"not_picked":["Crippling Poison+1","Quick Slash","Noxious Fumes"],"picked":"SKIP","floor":31.0}],"player_experience":211107,"relics_obtained":[{"floor":8.0,"key":"Eternal Feather"},{"floor":9.0,"key":"War Paint"},{"floor":11.0,"key":"Akabeko"},{"floor":22.0,"key":"Necronomicon"},{"floor":26.0,"key":"Prayer Wheel"},{"floor":27.0,"key":"Toxic Egg 2"}],"event_choices":[{"damage_healed":0.0,"max_hp_gain":0.0,"max_hp_loss":0.0,"gold_gain":0.0,"cards_transformed":["Strike_G"],"event_name":"Living Wall","player_choice":"Change","floor":2.0,"gold_loss":0.0,"damage_taken":0.0,"cards_obtained":["Wraith Form v2"]},{"damage_healed":0.0,"max_hp_gain":0.0,"max_hp_loss":0.0,"gold_gain":0.0,"event_name":"Scrap Ooze","player_choice":"Success","floor":3.0,"gold_loss":0.0,"damage_taken":7.0,"relics_obtained":["Regal Pillow"]},{"damage_healed":0.0,"max_hp_gain":0.0,"max_hp_loss":0.0,"gold_gain":0.0,"cards_transformed":["Strike_G"],"event_name":"Transmorgrifier","player_choice":"Transformed","floor":4.0,"gold_loss":0.0,"damage_taken":0.0,"cards_obtained":["All Out Attack"]},{"damage_healed":23.0,"max_hp_gain":0.0,"max_hp_loss":0.0,"gold_gain":0.0,"event_name":"The Library","player_choice":"Heal","floor":20.0,"gold_loss":0.0,"damage_taken":0.0},{"damage_healed":0.0,"max_hp_gain":5.0,"max_hp_loss":0.0,"gold_gain":0.0,"event_name":"Forgotten Altar","player_choice":"Shed Blood","floor":21.0,"gold_loss":0.0,"damage_taken":18.0},{"damage_healed":0.0,"max_hp_gain":0.0,"max_hp_loss":0.0,"gold_gain":0.0,"event_name":"Cursed Tome","player_choice":"Obtained Book","floor":22.0,"gold_loss":0.0,"damage_taken":16.0},{"damage_healed":0.0,"max_hp_gain":0.0,"max_hp_loss":0.0,"gold_gain":0.0,"event_name":"Ghosts","player_choice":"Ignored","floor":28.0,"gold_loss":0.0,"damage_taken":0.0},{"cards_removed":["Defend_G"],"damage_healed":0.0,"max_hp_gain":0.0,"max_hp_loss":0.0,"gold_gain":0.0,"event_name":"Back to Basics","player_choice":"Elegance","floor":29.0,"gold_loss":0.0,"damage_taken":0.0}],"is_beta":true,"boss_relics":[{"not_picked":["Pandora\u0027s Box","HoveringKite"],"picked":"Empty Cage"}],"items_purged_floors":[],"is_endless":false,"potions_floor_spawned":[5,11,12,16,18,19,30],"killed_by":"Collector","ascension_level":8}