{"gold_per_floor":[116,116,116,116,116,116,147,147,199,214,241,266,266,280,280,382,382,394,412,423,129,149,175,175,200,500,425,425,440,451,470,470,573,573,583,583,9,27,44,78,78,111,157,157,157,157,17,37,37,37],"floor_reached":51,"playtime":2016,"items_purged":[],"score":1179,"play_id":"17e768a3-2253-4d83-a877-5c2db638c852","local_time":"20200110211306","is_ascension_mode":true,"campfire_choices":[{"data":"Poisoned Stab","floor":6.0,"key":"SMITH"},{"data":"Escape Plan","floor":8.0,"key":"SMITH"},{"data":"Burst","floor":15.0,"key":"SMITH"},{"floor":24.0,"key":"REST"},{"floor":32.0,"key":"REST"},{"floor":41.0,"key":"REST"},{"floor":46.0,"key":"RECALL"},{"floor":49,"key":"REST"}],"neow_cost":"NONE","seed_source_timestamp":159574733943395,"circlet_count":0,"master_deck":["Strike_G+1","Strike_G+1","Strike_G+1","Defend_G+1","Defend_G+1","Defend_G+1","Defend_G+1","Defend_G+1","Survivor+1","Neutralize+1","Poisoned Stab+1","Escape Plan+1","Corpse Explosion+1","Well Laid Plans+1","Deadly Poison+1","Blur+1","Burst+1","Escape Plan+1","Adrenaline+1","Bane+1","Footwork+1","Poisoned Stab+1","PiercingWail+1","Wraith Form v2+1","Sucker Punch+1","Crippling Poison+1","Cloak And Dagger+1","Cloak And Dagger+1"],"special_seed":0,"relics":["Ring of the Snake","NeowsBlessing","White Beast Statue","Lantern","Odd Mushroom","Shuriken","Black Star","Anchor","Bag of Preparation","Orichalcum","Omamori","The Courier","Vajra","Old Coin","SacredBark","Potion Belt","War Paint","TungstenRod","Ornamental Fan","Matryoshka","Darkstone Periapt","Du-Vu Doll","Strawberry","Art of War","Mark of the Bloom"],"potions_floor_usage":[50,50,50,50],"damage_taken":[{"damage":0.0,"enemies":"Cultist","floor":1.0,"turns":1.0},{"damage":0.0,"enemies":"Lagavulin","floor":7.0,"turns":1.0},{"damage":0.0,"enemies":"2 Louse","floor":10.0,"turns":1.0},{"damage":0.0,"enemies":"The Mushroom Lair","floor":11.0,"turns":2.0},{"damage":2.0,"enemies":"3 Sentries","floor":12.0,"turns":3.0},{"damage":4.0,"enemies":"Small Slimes","floor":14.0,"turns":3.0},{"damage":18.0,"enemies":"Hexaghost","floor":16.0,"turns":10.0},{"damage":0.0,"enemies":"Chosen","floor":18.0,"turns":5.0},{"damage":3.0,"enemies":"Spheric Guardian","floor":19.0,"turns":4.0},{"damage":13.0,"enemies":"Cultist and Chosen","floor":20.0,"turns":5.0},{"damage":0.0,"enemies":"Sentry and Sphere","floor":22.0,"turns":3.0},{"damage":26.0,"enemies":"Gremlin Leader","floor":23.0,"turns":8.0},{"damage":26.0,"enemies":"Book of Stabbing","floor":25.0,"turns":8.0},{"damage":3.0,"enemies":"Snecko","floor":29.0,"turns":5.0},{"damage":0.0,"enemies":"Centurion and Healer","floor":30.0,"turns":4.0},{"damage":0.0,"enemies":"3 Cultists","floor":31.0,"turns":2.0},{"damage":25.0,"enemies":"Collector","floor":33.0,"turns":10.0},{"damage":12.0,"enemies":"3 Darklings","floor":35.0,"turns":3.0},{"damage":1.0,"enemies":"3 Shapes","floor":38.0,"turns":3.0},{"damage":4.0,"enemies":"Writhing Mass","floor":39.0,"turns":8.0},{"damage":24.0,"enemies":"Nemesis","floor":40.0,"turns":9.0},{"damage":7.0,"enemies":"Reptomancer","floor":42.0,"turns":3.0},{"damage":0,"enemies":"Sphere and 2 Shapes","floor":48,"turns":4},{"damage":31,"enemies":"Awakened One","floor":50,"turns":12}],"seed_played":"5593862017359799492","potions_obtained":[{"floor":7.0,"key":"SkillPotion"},{"floor":10.0,"key":"Poison Potion"},{"floor":11.0,"key":"Block Potion"},{"floor":12.0,"key":"SpeedPotion"},{"floor":16.0,"key":"Block Potion"},{"floor":18.0,"key":"Weak Potion"},{"floor":19.0,"key":"DuplicationPotion"},{"floor":20.0,"key":"GamblersBrew"},{"floor":22.0,"key":"PowerPotion"},{"floor":23.0,"key":"SteroidPotion"},{"floor":25.0,"key":"EssenceOfSteel"},{"floor":29.0,"key":"Strength Potion"},{"floor":30.0,"key":"Poison Potion"},{"floor":33.0,"key":"AttackPotion"},{"floor":35.0,"key":"SpeedPotion"},{"floor":36.0,"key":"Poison Potion"},{"floor":36.0,"key":"Fire Potion"},{"floor":38.0,"key":"LiquidBronze"},{"floor":39.0,"key":"EssenceOfSteel"},{"floor":40.0,"key":"EntropicBrew"},{"floor":42.0,"key":"BlessingOfTheForge"},{"floor":48,"key":"Regen Potion"}],"is_trial":false,"path_per_floor":["M","$","?","?","$","R","E","R","T","M","?","E","?","M","R","B",null,"M","M","M","$","M","E","R","E","T","?","?","M","M","M","R","B",null,"M","?","$","M","M","E","R","E","T","?","?","R","$","M","R","B",null],"character_chosen":"THE_SILENT","items_purchased":["Anchor","Bag of Preparation","Potion Belt","War Paint","FairyPotion","TungstenRod","CultistPotion","DuplicationPotion"],"campfire_rested":4,"item_purchase_floors":[21,21,37,37,37,37,47,47],"current_hp_per_floor":[63,63,63,63,63,63,63,63,63,63,63,61,61,57,57,39,62,62,59,46,46,46,20,41,15,15,15,15,12,12,12,33,8,55,43,43,43,42,38,14,35,28,35,67,67,67,67,67,67,36],"gold":37,"neow_bonus":"THREE_ENEMY_KILL","is_prod":false,"is_daily":false,"chose_seed":false,"campfire_upgraded":3,"win_rate":0,"timestamp":1578672786,"path_taken":["M","$","?","?","$","R","E","R","T","?","?","E","?","?","R","BOSS","M","M","?","$","M","E","R","E","T","?","?","M","M","M","R","BOSS","M","?","$","?","M","E","R","E","T","?","?","R","$","M","R","BOSS"],"build_version":"2019-10-30","purchased_purges":0,"victory":true,"max_hp_per_floor":[70,70,70,70,70,70,70,70,70,70,70,70,70,70,70,70,70,70,70,70,70,70,70,70,70,70,70,70,70,70,70,70,70,70,70,70,70,70,70,70,70,70,77,67,67,67,67,67,67,67],"card_choices":[{"not_picked":["PiercingWail","Prepared"],"picked":"Poisoned Stab","floor":1.0},{"not_picked":["Escape Plan","Blade Dance"],"picked":"Corpse Explosion","floor":7.0},{"not_picked":["Flying Knee","Underhanded Strike"],"picked":"Well Laid Plans","floor":10.0},{"not_picked":["Riddle With Holes","Dagger Throw"],"picked":"Deadly Poison","floor":11.0},{"not_picked":["Escape Plan","Accuracy"],"picked":"Blur","floor":12.0},{"not_picked":["Riddle With Holes","Accuracy"],"picked":"Escape Plan","floor":14.0},{"not_picked":["Grand Finale","Tools of the Trade"],"picked":"Adrenaline","floor":16.0},{"not_picked":["Prepared","Blade Dance"],"picked":"Bane","floor":18.0},{"not_picked":["PiercingWail+1","Deadly Poison"],"picked":"Footwork","floor":19.0},{"not_picked":["Acrobatics+1","Blade Dance"],"picked":"Poisoned Stab","floor":20.0},{"not_picked":["PiercingWail","Bane","Flying Knee"],"picked":"SKIP","floor":22.0},{"not_picked":["Bane","Flying Knee"],"picked":"PiercingWail","floor":22.0},{"not_picked":["Poisoned Stab","Slice","Finisher"],"picked":"SKIP","floor":23.0},{"not_picked":["Finisher","Poisoned Stab","Reflex+1"],"picked":"SKIP","floor":25.0},{"not_picked":["PiercingWail","Poisoned Stab","Blade Dance+1"],"picked":"SKIP","floor":29.0},{"not_picked":["Underhanded Strike+1","Acrobatics+1","Heel Hook"],"picked":"SKIP","floor":30.0},{"not_picked":["Dagger Spray","Skewer","Poisoned Stab"],"picked":"SKIP","floor":31.0},{"not_picked":["Unload","Phantasmal Killer"],"picked":"Wraith Form v2","floor":33.0},{"not_picked":["Deflect+1","Blade Dance+1","PiercingWail"],"picked":"SKIP","floor":35.0},{"not_picked":["Deadly Poison","All Out Attack+1","Skewer"],"picked":"SKIP","floor":38.0},{"not_picked":["Skewer","Bouncing Flask+1","Sucker Punch"],"picked":"SKIP","floor":39.0},{"not_picked":["Skewer","Bouncing Flask+1"],"picked":"Sucker Punch","floor":39.0},{"not_picked":["PiercingWail+1","Concentrate"],"picked":"Crippling Poison","floor":40.0},{"not_picked":["Choke+1","Setup"],"picked":"Cloak And Dagger+1","floor":42.0},{"not_picked":["Quick Slash+1","Finisher+1"],"picked":"Cloak And Dagger+1","floor":48}],"player_experience":221437,"relics_obtained":[{"floor":7.0,"key":"White Beast Statue"},{"floor":9.0,"key":"Lantern"},{"floor":11.0,"key":"Odd Mushroom"},{"floor":12.0,"key":"Shuriken"},{"floor":23.0,"key":"Orichalcum"},{"floor":23.0,"key":"Omamori"},{"floor":25.0,"key":"The Courier"},{"floor":25.0,"key":"Vajra"},{"floor":26.0,"key":"Old Coin"},{"floor":40.0,"key":"Ornamental Fan"},{"floor":40.0,"key":"Matryoshka"},{"floor":42.0,"key":"Darkstone Periapt"},{"floor":42.0,"key":"Du-Vu Doll"},{"floor":43.0,"key":"Strawberry"},{"floor":43.0,"key":"Art of War"}],"event_choices":[{"damage_healed":0.0,"max_hp_gain":0.0,"max_hp_loss":0.0,"gold_gain":0.0,"cards_transformed":["Strike_G"],"event_name":"Living Wall","player_choice":"Change","floor":3.0,"gold_loss":0.0,"damage_taken":0.0,"cards_obtained":["Escape Plan"]},{"damage_healed":0.0,"max_hp_gain":0.0,"max_hp_loss":0.0,"gold_gain":0.0,"event_name":"Upgrade Shrine","player_choice":"Upgraded","floor":4.0,"gold_loss":0.0,"damage_taken":0.0,"cards_upgraded":["Neutralize"]},{"damage_healed":0.0,"max_hp_gain":0.0,"max_hp_loss":0.0,"gold_gain":0.0,"event_name":"Mushrooms","player_choice":"Fought Mushrooms","floor":11.0,"gold_loss":0.0,"damage_taken":0.0},{"damage_healed":0.0,"max_hp_gain":0.0,"max_hp_loss":0.0,"gold_gain":0.0,"event_name":"Match and Keep!","player_choice":"1 cards matched","floor":13.0,"gold_loss":0.0,"damage_taken":0.0,"cards_obtained":["Burst"]},{"cards_removed":["Strike_G"],"damage_healed":0.0,"max_hp_gain":0.0,"max_hp_loss":0.0,"gold_gain":0.0,"event_name":"Beggar","player_choice":"Gave Gold","floor":27.0,"gold_loss":75.0,"damage_taken":0.0},{"damage_healed":0.0,"max_hp_gain":0.0,"max_hp_loss":0.0,"gold_gain":0.0,"event_name":"Ghosts","player_choice":"Ignored","floor":28.0,"gold_loss":0.0,"damage_taken":0.0},{"damage_healed":0.0,"max_hp_gain":0.0,"max_hp_loss":0.0,"gold_gain":0.0,"event_name":"Lab","player_choice":"Got Potions","floor":36.0,"gold_loss":0.0,"damage_taken":0.0},{"damage_healed":67.0,"max_hp_gain":0.0,"max_hp_loss":10.0,"gold_gain":0.0,"event_name":"The Moai Head","player_choice":"Heal","floor":44.0,"gold_loss":0.0,"damage_taken":0.0},{"damage_healed":0.0,"max_hp_gain":0.0,"max_hp_loss":0.0,"gold_gain":0.0,"event_name":"MindBloom","player_choice":"Upgrade","floor":45.0,"gold_loss":0.0,"damage_taken":0.0,"cards_upgraded":["Strike_G","Strike_G","Strike_G","Defend_G","Defend_G","Defend_G","Defend_G","Survivor","Corpse Explosion","Well Laid Plans","Blur","Escape Plan","Adrenaline","Bane","Footwork","Poisoned Stab","PiercingWail","Wraith Form v2","Sucker Punch","Crippling Poison"],"relics_obtained":["Mark of the Bloom"]}],"is_beta":true,"boss_relics":[{"not_picked":["Fusion Hammer","Velvet Choker"],"picked":"Black Star"},{"not_picked":["HoveringKite","Ring of the Serpent"],"picked":"SacredBark"}],"items_purged_floors":[],"is_endless":false,"potions_floor_spawned":[7,10,11,12,14,16,18,19,20,22,23,25,29,30,31,33,35,38,39,40,42,48],"ascension_level":8}