{"gold_per_floor":[17,17,17,38,38,38,38,113,113,138,152,152,152,152,152,278,278,302,3,3,28,44,44,44,319,364,388,403,403,403],"floor_reached":30,"playtime":1383,"items_purged":[],"score":375,"play_id":"d2b9e4a0-f9ff-4eec-a554-0cea8f208dbc","local_time":"20200106230433","is_ascension_mode":true,"campfire_choices":[{"data":"Neutralize","floor":6,"key":"SMITH"},{"data":"Deadly Poison","floor":12,"key":"SMITH"},{"data":"Footwork","floor":15,"key":"SMITH"},{"data":"Footwork","floor":23,"key":"SMITH"},{"data":"Burst","floor":29,"key":"SMITH"}],"neow_cost":"NO_GOLD","seed_source_timestamp":1651357732910090,"circlet_count":0,"master_deck":["Defend_G","Defend_G","Defend_G","Defend_G","Defend_G","Survivor","Neutralize+1","Crippling Poison+1","Adrenaline","Footwork+1","Backflip","Deadly Poison+1","CurseOfTheBell","Footwork+1","Blur","Dodge and Roll+1","Predator","Venomology","Regret","Burst+1","Escape Plan+1"],"relics":["Ring of the Snake","Golden Idol","White Beast Statue","Singing Bowl","StrikeDummy","Bag of Marbles","Gremlin Horn","Torii","Membership Card","Art of War","Nloth\u0027s Gift","Lantern"],"potions_floor_usage":[16,27,27,28,30,30,30,30,30,30],"damage_taken":[{"damage":0,"enemies":"Cultist","floor":1,"turns":4},{"damage":0,"enemies":"Small Slimes","floor":4,"turns":4},{"damage":1,"enemies":"Jaw Worm","floor":10,"turns":6},{"damage":3,"enemies":"Looter","floor":11,"turns":3},{"damage":0,"enemies":"The Guardian","floor":16,"turns":8},{"damage":2,"enemies":"3 Byrds","floor":18,"turns":4},{"damage":0,"enemies":"Spheric Guardian","floor":21,"turns":4},{"damage":7,"enemies":"Snake Plant","floor":22,"turns":7},{"damage":4,"enemies":"3 Cultists","floor":27,"turns":7},{"damage":21,"enemies":"Snecko","floor":28,"turns":6},{"damage":46,"enemies":"Gremlin Leader","floor":30,"turns":10}],"seed_played":"197599956665028667","potions_obtained":[{"floor":1,"key":"EntropicBrew"},{"floor":4,"key":"Weak Potion"},{"floor":10,"key":"EssenceOfSteel"},{"floor":11,"key":"Poison Potion"},{"floor":16,"key":"SkillPotion"},{"floor":27,"key":"PowerPotion"}],"is_trial":false,"path_per_floor":["M","?","?","M","T","R","$","?","T","M","M","R","T","?","R","B",null,"M","$","?","M","M","R","?","?","T","M","M","R","E"],"character_chosen":"THE_SILENT","items_purchased":["Membership Card","Footwork","Art of War","Blur"],"campfire_rested":0,"item_purchase_floors":[19,19,19,19],"current_hp_per_floor":[63,46,46,46,46,46,46,39,39,40,37,37,37,30,30,32,64,64,64,64,66,59,59,59,59,59,55,34,34,0],"gold":403,"neow_bonus":"TRANSFORM_TWO_CARDS","is_prod":false,"is_daily":false,"chose_seed":false,"campfire_upgraded":5,"win_rate":0,"timestamp":1578333873,"path_taken":["M","?","?","?","?","R","$","?","T","M","?","R","?","?","R","BOSS","M","$","?","M","?","R","?","?","T","?","M","R","E"],"build_version":"2019-10-30","purchased_purges":0,"victory":false,"max_hp_per_floor":[70,70,70,70,70,70,70,70,70,72,72,72,72,72,72,74,74,76,76,76,78,78,78,78,78,78,78,78,78,78],"card_choices":[{"not_picked":["Slice","Choke"],"picked":"Footwork","floor":1},{"not_picked":["Bane","Concentrate"],"picked":"Backflip","floor":4},{"not_picked":["All Out Attack","Masterful Stab","Distraction"],"picked":"Singing Bowl","floor":10},{"not_picked":["Poisoned Stab","Escape Plan"],"picked":"Deadly Poison","floor":11},{"not_picked":["Tools of the Trade","Bullet Time","Phantasmal Killer"],"picked":"Singing Bowl","floor":16},{"not_picked":["Leg Sweep","Bane","Slice"],"picked":"Singing Bowl","floor":18},{"not_picked":["Slice+1","Sucker Punch","Poisoned Stab"],"picked":"Singing Bowl","floor":21},{"not_picked":["Bane","Concentrate"],"picked":"Dodge and Roll+1","floor":22},{"not_picked":["Deadly Poison+1","Flechettes"],"picked":"Burst","floor":27},{"not_picked":["Backflip","Eviscerate+1"],"picked":"Escape Plan+1","floor":28}],"player_experience":208380,"relics_obtained":[{"floor":5,"key":"White Beast Statue"},{"floor":9,"key":"Singing Bowl"},{"floor":13,"key":"StrikeDummy"},{"floor":17,"key":"Bag of Marbles"},{"floor":17,"key":"Gremlin Horn"},{"floor":17,"key":"Torii"},{"floor":26,"key":"Lantern"}],"event_choices":[{"damage_healed":0,"gold_gain":0,"player_choice":"Take Damage","damage_taken":17,"relics_obtained":["Golden Idol"],"max_hp_gain":0,"max_hp_loss":0,"event_name":"Golden Idol","floor":2,"gold_loss":0},{"damage_healed":0,"gold_gain":0,"player_choice":"Upgraded","damage_taken":0,"max_hp_gain":0,"max_hp_loss":0,"event_name":"Upgrade Shrine","floor":3,"gold_loss":0,"cards_upgraded":["Crippling Poison"]},{"damage_healed":0,"gold_gain":75,"player_choice":"Touch","damage_taken":7,"max_hp_gain":0,"max_hp_loss":0,"event_name":"FaceTrader","floor":8,"gold_loss":0},{"cards_removed":["Strike_G"],"damage_healed":0,"gold_gain":0,"player_choice":"Card Removal","damage_taken":7,"max_hp_gain":0,"max_hp_loss":0,"event_name":"Golden Wing","floor":14,"gold_loss":0},{"damage_healed":0,"gold_gain":0,"player_choice":"Traded Relic","damage_taken":0,"relics_obtained":["Nloth\u0027s Gift"],"max_hp_gain":0,"max_hp_loss":0,"event_name":"N\u0027loth","floor":20,"relics_lost":["Calling Bell"],"gold_loss":0},{"damage_healed":0,"gold_gain":0,"cards_transformed":["Strike_G","Strike_G"],"player_choice":"Became Test Subject","damage_taken":0,"max_hp_gain":0,"max_hp_loss":0,"event_name":"Drug Dealer","floor":24,"gold_loss":0,"cards_obtained":["Predator","Venomology"]},{"damage_healed":0,"gold_gain":275,"player_choice":"Desecrate","damage_taken":0,"max_hp_gain":0,"max_hp_loss":0,"event_name":"Golden Shrine","floor":25,"gold_loss":0,"cards_obtained":["Regret"]}],"is_beta":true,"boss_relics":[{"not_picked":["Ectoplasm","WristBlade"],"picked":"Calling Bell"}],"items_purged_floors":[],"is_endless":false,"potions_floor_spawned":[1,4,10,11,16,18,21,22,27,28],"killed_by":"Gremlin Leader","ascension_level":8}