{"gold_per_floor":[368,22,22,22,33,33,60,11,11,26,26,38,38,68,68,165,165,182,192,192,244,274,286,298,326,411,423,435,447,473,1,1,101,101,112,124,55,55,75,107,107,107,133,133,27,41,41,59,59,59],"floor_reached":51,"playtime":1943,"items_purged":["Strike_G"],"score":1029,"play_id":"d863989b-80ef-47e3-8ede-c25f49e0b173","local_time":"20200111014527","is_ascension_mode":true,"campfire_choices":[{"data":"Neutralize","floor":6.0,"key":"SMITH"},{"data":"Deadly Poison","floor":11.0,"key":"SMITH"},{"data":"Footwork","floor":13.0,"key":"SMITH"},{"floor":15.0,"key":"REST"},{"floor":23.0,"key":"REST"},{"data":"Corpse Explosion","floor":29.0,"key":"SMITH"},{"floor":32.0,"key":"REST"},{"floor":41.0,"key":"REST"},{"data":"Noxious Fumes","floor":44.0,"key":"SMITH"},{"data":"Catalyst","floor":49.0,"key":"SMITH"}],"neow_cost":"TEN_PERCENT_HP_LOSS","seed_source_timestamp":176086969169798,"circlet_count":0,"master_deck":["Strike_G+1","Strike_G+1","Defend_G+1","Defend_G+1","Defend_G+1","Defend_G+1","Survivor","Neutralize+1","Escape Plan","Deadly Poison+1","Unload","Prepared","Footwork+1","Outmaneuver","Corpse Explosion+1","CurseOfTheBell","Bane","Backflip+1","PiercingWail+1","Venomology","Calculated Gamble+1","Adrenaline","Backflip","Deflect+1","Noxious Fumes+1","Footwork","Catalyst+1","Blur","Crippling Poison+1","Backstab+1"],"special_seed":0,"relics":["Ring of the Snake","Letter Opener","Ginger","HornCleat","Ornamental Fan","Calling Bell","Strawberry","Darkstone Periapt","Thread and Needle","MawBank","Bottled Lightning","Paper Crane","MutagenicStrength","Kunai","Empty Cage","Frozen Egg 2","Pen Nib"],"potions_floor_usage":[50,50,50,50],"damage_taken":[{"damage":0.0,"enemies":"2 Louse","floor":1.0,"turns":4.0},{"damage":0.0,"enemies":"Cultist","floor":5.0,"turns":4.0},{"damage":15.0,"enemies":"Lagavulin","floor":7.0,"turns":7.0},{"damage":0.0,"enemies":"Small Slimes","floor":10.0,"turns":2.0},{"damage":2.0,"enemies":"Exordium Wildlife","floor":12.0,"turns":5.0},{"damage":15.0,"enemies":"Gremlin Nob","floor":14.0,"turns":4.0},{"damage":13.0,"enemies":"Slime Boss","floor":16.0,"turns":10.0},{"damage":18.0,"enemies":"2 Thieves","floor":18.0,"turns":3.0},{"damage":27.0,"enemies":"Chosen","floor":19.0,"turns":5.0},{"damage":0.0,"enemies":"Shelled Parasite and Fungi","floor":22.0,"turns":8.0},{"damage":0.0,"enemies":"Snake Plant","floor":25.0,"turns":4.0},{"damage":20.0,"enemies":"Centurion and Healer","floor":30.0,"turns":5.0},{"damage":28.0,"enemies":"Automaton","floor":33.0,"turns":14.0},{"damage":0.0,"enemies":"3 Shapes","floor":35.0,"turns":3.0},{"damage":2.0,"enemies":"Orb Walker","floor":36.0,"turns":5.0},{"damage":4.0,"enemies":"Transient","floor":39.0,"turns":5.0},{"damage":15.0,"enemies":"Nemesis","floor":40.0,"turns":13.0},{"damage":16.0,"enemies":"Maw","floor":46.0,"turns":8.0},{"damage":0.0,"enemies":"3 Darklings","floor":48.0,"turns":3.0},{"damage":57,"enemies":"Donu and Deca","floor":50,"turns":9}],"seed_played":"-6090787322570973818","potions_obtained":[{"floor":10.0,"key":"SkillPotion"},{"floor":12.0,"key":"SneckoOil"},{"floor":14.0,"key":"Explosive Potion"},{"floor":18.0,"key":"Dexterity Potion"},{"floor":22.0,"key":"FearPotion"},{"floor":33.0,"key":"Strength Potion"},{"floor":36.0,"key":"Weak Potion"},{"floor":40.0,"key":"CunningPotion"}],"is_trial":false,"path_per_floor":["M","$","?","?","M","R","E","$","T","M","R","M","R","E","R","B",null,"M","M","?","T","M","R","?","M","T","T","?","R","M","$","R","B",null,"M","M","$","?","M","E","R","?","T","R","$","M","?","M","R","B",null],"character_chosen":"THE_SILENT","items_purchased":["Deadly Poison","Letter Opener","Outmaneuver","Kunai","Adrenaline","Backflip","Dagger Spray","Noxious Fumes","Catalyst","Blur"],"campfire_rested":4,"item_purchase_floors":[2,2,8,31,31,31,31,37,45,45],"current_hp_per_floor":[63,63,68,68,68,68,53,53,53,53,53,51,51,36,56,43,69,51,24,24,24,24,46,46,46,46,46,46,46,26,26,48,20,61,61,59,59,59,55,40,62,62,62,62,62,46,81,81,81,24],"gold":59,"neow_bonus":"TWO_FIFTY_GOLD","is_prod":false,"is_daily":false,"chose_seed":false,"campfire_upgraded":6,"win_rate":0,"timestamp":1578689127,"path_taken":["M","$","?","?","?","R","E","?","T","?","R","M","R","E","R","BOSS","M","M","?","?","?","R","?","M","T","?","?","R","M","$","R","BOSS","M","M","$","?","M","E","R","?","T","R","$","M","?","M","R","BOSS"],"build_version":"2019-10-30","purchased_purges":1,"victory":true,"max_hp_per_floor":[63,63,68,68,68,68,68,68,68,68,68,68,68,68,68,68,75,75,75,75,75,75,75,75,75,75,75,75,75,75,75,75,75,75,75,75,75,75,75,75,75,71,71,71,71,71,81,81,81,81],"card_choices":[{"not_picked":["Underhanded Strike","Backflip"],"picked":"Escape Plan","floor":1.0},{"not_picked":["PiercingWail","Grand Finale"],"picked":"Prepared","floor":5.0},{"not_picked":["Deflect","Leg Sweep"],"picked":"Footwork","floor":7.0},{"not_picked":["Underhanded Strike","Sucker Punch","Eviscerate"],"picked":"SKIP","floor":10.0},{"not_picked":["Underhanded Strike","PiercingWail","Poisoned Stab"],"picked":"SKIP","floor":12.0},{"not_picked":["Escape Plan","Quick Slash"],"picked":"Glass Knife","floor":14.0},{"not_picked":["Storm of Steel","A Thousand Cuts"],"picked":"Corpse Explosion","floor":16.0},{"not_picked":["Poisoned Stab","Blade Dance"],"picked":"Bane","floor":18.0},{"not_picked":["Sucker Punch","Prepared"],"picked":"Backflip+1","floor":19.0},{"not_picked":["Dagger Throw","Quick Slash"],"picked":"PiercingWail+1","floor":22.0},{"not_picked":["Poisoned Stab","Acrobatics+1"],"picked":"Venomology","floor":25.0},{"not_picked":["Flying Knee","Finisher+1"],"picked":"Calculated Gamble+1","floor":30.0},{"not_picked":["Caltrops","Quick Slash"],"picked":"Deflect+1","floor":35.0},{"not_picked":["Well Laid Plans","Flying Knee+1","Dagger Spray"],"picked":"SKIP","floor":36.0},{"not_picked":["Blur+1","PiercingWail+1"],"picked":"Footwork","floor":39.0},{"not_picked":["Flechettes","Infinite Blades+1","Flying Knee+1"],"picked":"SKIP","floor":40.0},{"not_picked":["Deflect+1","Prepared+1"],"picked":"Crippling Poison+1","floor":46.0},{"not_picked":["Doppelganger","Dagger Throw+1"],"picked":"Backstab+1","floor":48.0}],"player_experience":224692,"relics_obtained":[{"floor":7.0,"key":"Ginger"},{"floor":9.0,"key":"HornCleat"},{"floor":14.0,"key":"Ornamental Fan"},{"floor":17.0,"key":"Strawberry"},{"floor":17.0,"key":"Darkstone Periapt"},{"floor":17.0,"key":"Thread and Needle"},{"floor":21.0,"key":"MawBank"},{"floor":26.0,"key":"Bottled Lightning"},{"floor":27.0,"key":"Paper Crane"},{"floor":40.0,"key":"Frozen Egg 2"},{"floor":43.0,"key":"Pen Nib"}],"event_choices":[{"damage_healed":0.0,"max_hp_gain":5.0,"max_hp_loss":0.0,"gold_gain":0.0,"event_name":"Big Fish","player_choice":"Donut","floor":3.0,"gold_loss":0.0,"damage_taken":0.0},{"damage_healed":0.0,"max_hp_gain":0.0,"max_hp_loss":0.0,"gold_gain":0.0,"cards_transformed":["Strike_G"],"event_name":"Transmorgrifier","player_choice":"Transformed","floor":4.0,"gold_loss":0.0,"damage_taken":0.0,"cards_obtained":["Unload"]},{"damage_healed":0.0,"max_hp_gain":0.0,"max_hp_loss":0.0,"gold_gain":0.0,"event_name":"Back to Basics","player_choice":"Simplicity","floor":20.0,"gold_loss":0.0,"damage_taken":0.0,"cards_upgraded":["Strike_G","Strike_G","Strike_G","Defend_G","Defend_G","Defend_G","Defend_G","Defend_G"]},{"damage_healed":0.0,"max_hp_gain":0.0,"max_hp_loss":0.0,"gold_gain":0.0,"event_name":"Vampires","player_choice":"Ignored","floor":24.0,"gold_loss":0.0,"damage_taken":0.0},{"damage_healed":0.0,"max_hp_gain":0.0,"max_hp_loss":0.0,"gold_gain":0.0,"event_name":"Drug Dealer","player_choice":"Inject Mutagens","floor":28.0,"gold_loss":0.0,"damage_taken":0.0,"relics_obtained":["MutagenicStrength"]},{"cards_removed":["Dagger Spray"],"damage_healed":0.0,"max_hp_gain":0.0,"max_hp_loss":0.0,"gold_gain":0.0,"event_name":"Falling","player_choice":"Removed Attack","floor":38.0,"gold_loss":0.0,"damage_taken":0.0},{"damage_healed":0.0,"max_hp_gain":0.0,"max_hp_loss":4.0,"gold_gain":0.0,"event_name":"Winding Halls","player_choice":"Max HP","floor":42.0,"gold_loss":0.0,"damage_taken":0.0},{"cards_removed":["Glass Knife"],"damage_healed":25.0,"max_hp_gain":10.0,"max_hp_loss":0.0,"gold_gain":0.0,"event_name":"Bonfire Elementals","player_choice":"Offered Rare","floor":47.0,"gold_loss":0.0,"damage_taken":0.0}],"is_beta":true,"boss_relics":[{"not_picked":["Runic Dome","Snecko Eye"],"picked":"Calling Bell"},{"not_picked":["Pandora\u0027s Box","WristBlade"],"picked":"Empty Cage"}],"items_purged_floors":[2],"is_endless":false,"potions_floor_spawned":[10,12,14,18,22,33,36,40,46],"ascension_level":9}