{"gold_per_floor":[113,63,63,81,98,130,130,205,231,231,248,248,248],"floor_reached":13,"playtime":412,"items_purged":[],"score":116,"play_id":"c2cc700e-c858-47bc-a1d4-f3e867de7bd2","local_time":"20200104163312","is_ascension_mode":true,"campfire_choices":[{"data":"Neutralize","floor":7,"key":"SMITH"},{"data":"Dagger Spray","floor":10,"key":"SMITH"}],"neow_cost":"NONE","seed_source_timestamp":1456050151242422,"circlet_count":0,"master_deck":["Strike_G","Strike_G","Strike_G","Strike_G","Defend_G","Defend_G","Defend_G","Survivor","Neutralize+1","CurseOfTheBell","Dagger Spray+1","Backflip","Blade Dance","Deflect","Malaise"],"relics":["Calling Bell","Happy Flower","Meat on the Bone","Mango","Bag of Preparation","Blood Vial"],"potions_floor_usage":[6,13,13],"damage_taken":[{"damage":1,"enemies":"Small Slimes","floor":1,"turns":5},{"damage":0,"enemies":"2 Louse","floor":4,"turns":3},{"damage":0,"enemies":"Cultist","floor":5,"turns":5},{"damage":49,"enemies":"Lagavulin","floor":6,"turns":8},{"damage":3,"enemies":"3 Louse","floor":11,"turns":3},{"damage":47,"enemies":"Gremlin Nob","floor":13,"turns":6}],"seed_played":"-8075760444510900066","potions_obtained":[{"floor":4,"key":"DistilledChaos"},{"floor":6,"key":"EntropicBrew"},{"floor":11,"key":"Strength Potion"}],"is_trial":false,"path_per_floor":["M","?","?","M","M","E","R","?","T","R","M","?","E"],"character_chosen":"THE_SILENT","items_purchased":[],"campfire_rested":0,"item_purchase_floors":[],"current_hp_per_floor":[76,76,76,76,76,39,39,28,28,28,39,39,0],"gold":248,"neow_bonus":"BOSS_RELIC","is_prod":false,"is_daily":false,"chose_seed":false,"campfire_upgraded":2,"win_rate":0,"timestamp":1578137592,"path_taken":["M","?","?","?","M","E","R","?","T","R","M","?","E"],"build_version":"2019-10-30","purchased_purges":0,"victory":false,"max_hp_per_floor":[84,84,84,84,84,84,84,84,84,84,84,84,84],"card_choices":[{"not_picked":["Blade Dance","Deflect"],"picked":"Dagger Spray","floor":1},{"not_picked":["Flying Knee","Deflect"],"picked":"Backflip","floor":4},{"not_picked":["Quick Slash","Sucker Punch"],"picked":"Blade Dance","floor":5},{"not_picked":["Flying Knee","Poisoned Stab"],"picked":"Deflect","floor":6},{"not_picked":["Tactician","Dagger Spray"],"picked":"Malaise","floor":11}],"player_experience":203609,"relics_obtained":[{"floor":0,"key":"Happy Flower"},{"floor":0,"key":"Meat on the Bone"},{"floor":0,"key":"Mango"},{"floor":6,"key":"Bag of Preparation"},{"floor":9,"key":"Blood Vial"}],"event_choices":[{"cards_removed":["Strike_G"],"damage_healed":0,"gold_gain":0,"player_choice":"Card Removal","damage_taken":0,"max_hp_gain":0,"max_hp_loss":0,"event_name":"The Cleric","floor":2,"gold_loss":50},{"cards_removed":["Defend_G"],"damage_healed":0,"gold_gain":0,"player_choice":"Offered Basic","damage_taken":0,"max_hp_gain":0,"max_hp_loss":0,"event_name":"Bonfire Elementals","floor":3,"gold_loss":0},{"damage_healed":0,"gold_gain":75,"player_choice":"Gather Gold","damage_taken":11,"max_hp_gain":0,"max_hp_loss":0,"event_name":"World of Goop","floor":8,"gold_loss":0},{"cards_removed":["Defend_G"],"damage_healed":0,"gold_gain":0,"player_choice":"Purged","damage_taken":0,"max_hp_gain":0,"max_hp_loss":0,"event_name":"Purifier","floor":12,"gold_loss":0}],"is_beta":true,"boss_relics":[],"items_purged_floors":[],"is_endless":false,"potions_floor_spawned":[4,6,11],"killed_by":"Gremlin Nob","ascension_level":8}