{"gold_per_floor":[113,113,113,133,43,70,80,106,106,116,134,153,153,180,180,281,281,293,303,320,320,320,345,345,372,372,53,73,73,93,112,112,112],"floor_reached":33,"playtime":1283,"items_purged":["Defend_G"],"score":539,"play_id":"e26e64b3-75ec-4c40-8306-e8a102cc4479","local_time":"20200205223332","is_ascension_mode":true,"campfire_choices":[{"floor":13.0,"key":"REST"},{"data":"After Image","floor":15.0,"key":"SMITH"},{"floor":24,"key":"REST"},{"data":"Cloak And Dagger","floor":29,"key":"SMITH"},{"data":"A Thousand Cuts","floor":32,"key":"SMITH"}],"neow_cost":"NONE","seed_source_timestamp":45583833083700,"circlet_count":0,"master_deck":["AscendersBane","Strike_G","Strike_G","Strike_G","Strike_G","Defend_G","Defend_G","Defend_G","Defend_G","Survivor","Neutralize","Blade Dance","Tools of the Trade","Trip","After Image+1","Expertise","Dodge and Roll","Backstab","Backstab","Blade Dance","Backstab","A Thousand Cuts+1","Cloak And Dagger+1","Cloak And Dagger","Escape Plan","Escape Plan+1"],"special_seed":0,"relics":["Ring of the Snake","NeowsBlessing","Nunchaku","Mercury Hourglass","Bottled Lightning","Bag of Marbles","Boot","Black Star","Bird Faced Urn","Thread and Needle","Shuriken","Calipers","Pear","Meat on the Bone"],"potions_floor_usage":[23,23,25,30,33],"damage_taken":[{"damage":0.0,"enemies":"2 Louse","floor":1.0,"turns":1.0},{"damage":0.0,"enemies":"Jaw Worm","floor":4.0,"turns":1.0},{"damage":0.0,"enemies":"Lagavulin","floor":6.0,"turns":1.0},{"damage":0.0,"enemies":"Small Slimes","floor":7.0,"turns":3.0},{"damage":43.0,"enemies":"Gremlin Nob","floor":8.0,"turns":5.0},{"damage":0.0,"enemies":"Looter","floor":10.0,"turns":2.0},{"damage":2.0,"enemies":"3 Louse","floor":11.0,"turns":2.0},{"damage":0.0,"enemies":"2 Fungi Beasts","floor":12.0,"turns":2.0},{"damage":0.0,"enemies":"3 Sentries","floor":14.0,"turns":6.0},{"damage":16.0,"enemies":"The Guardian","floor":16.0,"turns":17.0},{"damage":4.0,"enemies":"Shell Parasite","floor":18.0,"turns":3.0},{"damage":4.0,"enemies":"Spheric Guardian","floor":19.0,"turns":5.0},{"damage":10.0,"enemies":"Centurion and Healer","floor":20.0,"turns":4.0},{"damage":15,"enemies":"Book of Stabbing","floor":23,"turns":4},{"damage":42,"enemies":"Gremlin Leader","floor":25,"turns":7},{"damage":0,"enemies":"Shelled Parasite and Fungi","floor":28,"turns":4},{"damage":6,"enemies":"Snecko","floor":30,"turns":6},{"damage":7,"enemies":"Snake Plant","floor":31,"turns":4},{"damage":53,"enemies":"Automaton","floor":33,"turns":6}],"seed_played":"-6445838901119606938","potions_obtained":[{"floor":10.0,"key":"EssenceOfSteel"},{"floor":12.0,"key":"SmokeBomb"},{"floor":14.0,"key":"EntropicBrew"},{"floor":16.0,"key":"LiquidMemories"},{"floor":18.0,"key":"SteroidPotion"},{"floor":23,"key":"Energy Potion"},{"floor":31,"key":"Dexterity Potion"}],"is_trial":false,"path_per_floor":["M","?","?","M","$","E","M","E","T","M","M","M","R","E","R","B",null,"M","M","M","?","?","E","R","E","T","$","M","R","M","M","R","B"],"character_chosen":"THE_SILENT","items_purchased":["Trip","Meat on the Bone"],"campfire_rested":2,"item_purchase_floors":[5,27],"current_hp_per_floor":[63,51,51,51,51,51,51,8,8,8,6,6,27,27,27,11,55,51,47,37,37,37,22,43,7,17,17,31,31,41,50,50,0],"gold":112,"neow_bonus":"THREE_ENEMY_KILL","is_prod":false,"is_daily":false,"chose_seed":false,"campfire_upgraded":3,"win_rate":0,"timestamp":1580924012,"path_taken":["M","?","?","M","$","E","M","E","T","M","?","M","R","E","R","BOSS","M","M","M","?","?","E","R","E","T","$","M","R","M","M","R","BOSS"],"build_version":"2020-01-14","purchased_purges":1,"victory":false,"max_hp_per_floor":[70,70,70,70,70,70,70,70,70,70,70,70,70,70,70,70,70,70,70,70,70,70,70,70,70,80,80,80,80,80,80,80,80],"card_choices":[{"not_picked":["Dagger Spray","Caltrops"],"picked":"Blade Dance","floor":1.0},{"not_picked":["Outmaneuver","Dagger Spray","Deflect"],"picked":"SKIP","floor":4.0},{"not_picked":["Deflect","Bane"],"picked":"After Image","floor":6.0},{"not_picked":["Deadly Poison","Poisoned Stab"],"picked":"Expertise","floor":7.0},{"not_picked":["Tools of the Trade","PiercingWail"],"picked":"Dodge and Roll","floor":8.0},{"not_picked":["Deflect","Dodge and Roll"],"picked":"Backstab","floor":10.0},{"not_picked":["Prepared","Dodge and Roll"],"picked":"Backstab","floor":11.0},{"not_picked":["Quick Slash","PiercingWail"],"picked":"Blade Dance","floor":12.0},{"not_picked":["Acrobatics","Escape Plan"],"picked":"Backstab","floor":14.0},{"not_picked":["Unload","Malaise"],"picked":"A Thousand Cuts","floor":16.0},{"not_picked":["Poisoned Stab","Expertise+1","Bouncing Flask"],"picked":"SKIP","floor":18.0},{"not_picked":["Choke","Dodge and Roll","Quick Slash"],"picked":"SKIP","floor":19.0},{"not_picked":["Blade Dance","Deflect","Heel Hook"],"picked":"SKIP","floor":20.0},{"not_picked":["Dagger Spray","Poisoned Stab+1"],"picked":"Cloak And Dagger","floor":23},{"not_picked":["Underhanded Strike+1","Night Terror"],"picked":"Escape Plan","floor":25},{"not_picked":["Blade Dance","PiercingWail+1","Tactician"],"picked":"SKIP","floor":28},{"not_picked":["Dagger Spray","Riddle With Holes","Poisoned Stab"],"picked":"SKIP","floor":30},{"not_picked":["Skewer","PiercingWail"],"picked":"Escape Plan+1","floor":31}],"player_experience":256674,"relics_obtained":[{"floor":6.0,"key":"Mercury Hourglass"},{"floor":8.0,"key":"Bottled Lightning"},{"floor":9.0,"key":"Bag of Marbles"},{"floor":14.0,"key":"Boot"},{"floor":23,"key":"Bird Faced Urn"},{"floor":23,"key":"Thread and Needle"},{"floor":25,"key":"Shuriken"},{"floor":25,"key":"Calipers"},{"floor":26,"key":"Pear"}],"event_choices":[{"damage_healed":0.0,"max_hp_gain":0.0,"max_hp_loss":0.0,"gold_gain":0.0,"event_name":"Scrap Ooze","player_choice":"Success","floor":2.0,"gold_loss":0.0,"damage_taken":12.0,"relics_obtained":["Nunchaku"]},{"damage_healed":0.0,"max_hp_gain":0.0,"max_hp_loss":0.0,"gold_gain":0.0,"cards_transformed":["Strike_G"],"event_name":"Living Wall","player_choice":"Change","floor":3.0,"gold_loss":0.0,"damage_taken":0.0,"cards_obtained":["Tools of the Trade"]},{"damage_healed":0.0,"max_hp_gain":0.0,"max_hp_loss":0.0,"gold_gain":0.0,"event_name":"The Library","player_choice":"Read","floor":21.0,"gold_loss":0.0,"damage_taken":0.0,"cards_obtained":["Cloak And Dagger"]},{"damage_healed":0.0,"max_hp_gain":0.0,"max_hp_loss":0.0,"gold_gain":0.0,"event_name":"Ghosts","player_choice":"Ignored","floor":22.0,"gold_loss":0.0,"damage_taken":0.0}],"is_beta":false,"boss_relics":[{"not_picked":["Snecko Eye","Sozu"],"picked":"Black Star"}],"items_purged_floors":[27],"is_endless":false,"potions_floor_spawned":[10,12,14,16,18,23,31],"killed_by":"Automaton","ascension_level":10}