{"gold_per_floor":[109,127,127,127,127,127,159,159,182,208,220,236,2,17,17,17],"floor_reached":16,"playtime":443,"items_purged":["Defend_G"],"score":176,"play_id":"097f70e5-3ca3-4ec8-ab90-b6e82958f04e","local_time":"20200216193554","is_ascension_mode":true,"campfire_choices":[{"data":"Dagger Spray","floor":6,"key":"SMITH"},{"floor":8,"key":"REST"},{"floor":15,"key":"REST"}],"neow_cost":"NONE","seed_source_timestamp":0,"circlet_count":0,"master_deck":["AscendersBane","Strike_G","Strike_G","Strike_G","Defend_G","Defend_G","Defend_G","Defend_G","Survivor","Neutralize","Adrenaline","Dagger Spray+1","Skewer","Footwork","Cloak And Dagger","Accuracy","Calculated Gamble","Underhanded Strike"],"special_seed":0,"relics":["Ring of the Snake","Vajra","Prayer Wheel","Regal Pillow","HornCleat","Membership Card"],"potions_floor_usage":[16,16],"damage_taken":[{"damage":0,"enemies":"Small Slimes","floor":1,"turns":3},{"damage":0,"enemies":"2 Louse","floor":2,"turns":2},{"damage":29,"enemies":"3 Sentries","floor":7,"turns":7},{"damage":30,"enemies":"Gremlin Nob","floor":10,"turns":4},{"damage":0,"enemies":"Cultist","floor":11,"turns":3},{"damage":0,"enemies":"2 Fungi Beasts","floor":12,"turns":3},{"damage":0,"enemies":"Exordium Wildlife","floor":14,"turns":2},{"damage":55,"enemies":"Hexaghost","floor":16,"turns":10}],"seed_played":"2229784876203141390","potions_obtained":[{"floor":10,"key":"AttackPotion"},{"floor":11,"key":"Energy Potion"}],"is_trial":false,"path_per_floor":["M","M","?","?","?","R","E","R","T","E","M","M","$","M","R","B"],"character_chosen":"THE_SILENT","items_purchased":["Membership Card","Accuracy"],"campfire_rested":2,"item_purchase_floors":[13,13],"current_hp_per_floor":[63,63,63,60,53,53,24,45,45,15,15,15,15,15,51,0],"gold":17,"neow_bonus":"ONE_RANDOM_RARE_CARD","is_prod":false,"is_daily":false,"chose_seed":false,"campfire_upgraded":1,"win_rate":0,"timestamp":1581863754,"path_taken":["M","M","?","?","?","R","E","R","T","E","M","M","$","M","R","BOSS"],"build_version":"2020-01-14","purchased_purges":1,"victory":false,"max_hp_per_floor":[70,70,70,70,70,70,70,70,70,70,70,70,70,70,70,70],"card_choices":[{"not_picked":["Bane","Outmaneuver"],"picked":"Dagger Spray","floor":1},{"not_picked":["Acrobatics","Quick Slash","Dagger Throw"],"picked":"SKIP","floor":2},{"not_picked":["Heel Hook","Outmaneuver","Choke"],"picked":"SKIP","floor":7},{"not_picked":["Flying Knee","Choke"],"picked":"Footwork","floor":10},{"not_picked":["Dagger Spray","Prepared"],"picked":"Cloak And Dagger","floor":11},{"not_picked":["Bane","Dagger Spray","Slice"],"picked":"SKIP","floor":11},{"not_picked":["Acrobatics","Flechettes","Sucker Punch"],"picked":"SKIP","floor":12},{"not_picked":["Catalyst","Malaise","Dagger Spray"],"picked":"SKIP","floor":12},{"not_picked":["Prepared","PiercingWail"],"picked":"Calculated Gamble","floor":14},{"not_picked":["Riddle With Holes","Bane"],"picked":"Underhanded Strike","floor":14}],"player_experience":287233,"relics_obtained":[{"floor":7,"key":"Prayer Wheel"},{"floor":9,"key":"Regal Pillow"},{"floor":10,"key":"HornCleat"}],"event_choices":[{"damage_healed":0,"gold_gain":0,"cards_transformed":["Strike_G"],"player_choice":"Change","damage_taken":0,"max_hp_gain":0,"max_hp_loss":0,"event_name":"Living Wall","floor":3,"gold_loss":0,"cards_obtained":["Skewer"]},{"damage_healed":0,"gold_gain":0,"player_choice":"Success","damage_taken":3,"relics_obtained":["Vajra"],"max_hp_gain":0,"max_hp_loss":0,"event_name":"Scrap Ooze","floor":4,"gold_loss":0},{"cards_removed":["Strike_G"],"damage_healed":0,"gold_gain":0,"player_choice":"Card Removal","damage_taken":7,"max_hp_gain":0,"max_hp_loss":0,"event_name":"Golden Wing","floor":5,"gold_loss":0}],"is_beta":false,"boss_relics":[],"items_purged_floors":[13],"is_endless":false,"potions_floor_spawned":[10,11,14],"killed_by":"Hexaghost","ascension_level":12}