{"gold_per_floor":[114,27,46,64,139,168,168,201,225,225,225,253,253,268,268,268],"floor_reached":16,"playtime":835,"items_purged":[],"score":189,"play_id":"6e51874a-fb42-49af-96ad-c56c1786244b","local_time":"20200217185726","is_ascension_mode":true,"campfire_choices":[{"data":"Flechettes","floor":7,"key":"SMITH"},{"floor":11,"key":"REST"},{"data":"Heel Hook","floor":13,"key":"SMITH"},{"floor":15,"key":"REST"}],"neow_cost":"TEN_PERCENT_HP_LOSS","seed_source_timestamp":12567261482800,"circlet_count":0,"master_deck":["AscendersBane","Strike_G","Strike_G","Strike_G","Strike_G","Strike_G","Defend_G","Defend_G","Defend_G","Defend_G","Defend_G","Survivor","Neutralize","Flechettes+1","Bandage Up","Deflect","Blade Dance","Blur","Heel Hook+1","Tools of the Trade"],"special_seed":0,"relics":["Ring of the Snake","Turnip","Toy Ornithopter","Nunchaku","Ancient Tea Set","CultistMask","StrikeDummy"],"potions_floor_usage":[8,12,16],"damage_taken":[{"damage":5.0,"enemies":"Jaw Worm","floor":1.0,"turns":5.0},{"damage":2,"enemies":"Small Slimes","floor":3,"turns":5},{"damage":0,"enemies":"Cultist","floor":4,"turns":4},{"damage":27,"enemies":"3 Sentries","floor":6,"turns":14},{"damage":33,"enemies":"Lagavulin","floor":8,"turns":12},{"damage":27,"enemies":"3 Sentries","floor":12,"turns":11},{"damage":0,"enemies":"Large Slime","floor":14,"turns":5},{"damage":40,"enemies":"Slime Boss","floor":16,"turns":13}],"seed_played":"-6391570432668407749","potions_obtained":[{"floor":1.0,"key":"Dexterity Potion"},{"floor":8,"key":"SkillPotion"},{"floor":14,"key":"BlessingOfTheForge"}],"is_trial":false,"path_per_floor":["M","$","M","M","?","E","R","E","T","?","R","E","R","M","R","B"],"character_chosen":"THE_SILENT","items_purchased":["Bandage Up"],"campfire_rested":2,"item_purchase_floors":[2],"current_hp_per_floor":[58,58,60,63,52,29,29,5,5,5,23,5,5,9,27,0],"gold":268,"neow_bonus":"ONE_RARE_RELIC","is_prod":false,"is_daily":false,"chose_seed":false,"campfire_upgraded":2,"win_rate":0,"timestamp":1581947846,"path_taken":["M","$","M","M","?","E","R","E","T","?","R","E","R","?","R","BOSS"],"build_version":"2020-01-14","purchased_purges":0,"victory":false,"max_hp_per_floor":[63,63,63,63,63,63,63,63,63,63,63,63,63,63,63,63],"card_choices":[{"not_picked":["Reflex","Quick Slash"],"picked":"Flechettes","floor":1.0},{"not_picked":["Crippling Poison","Dodge and Roll"],"picked":"Deflect","floor":3},{"not_picked":["Dodge and Roll","Sucker Punch"],"picked":"Blade Dance","floor":4},{"not_picked":["Distraction","Underhanded Strike"],"picked":"Blur","floor":6},{"not_picked":["PiercingWail","Skewer","Dagger Throw"],"picked":"SKIP","floor":8},{"not_picked":["Noxious Fumes","Calculated Gamble"],"picked":"Heel Hook","floor":12},{"not_picked":["Reflex","Poisoned Stab"],"picked":"Tools of the Trade","floor":14}],"player_experience":291869,"relics_obtained":[{"floor":6,"key":"Toy Ornithopter"},{"floor":8,"key":"Nunchaku"},{"floor":9,"key":"Ancient Tea Set"},{"floor":12,"key":"StrikeDummy"}],"event_choices":[{"damage_healed":0,"gold_gain":75,"player_choice":"Gather Gold","damage_taken":11,"max_hp_gain":0,"max_hp_loss":0,"event_name":"World of Goop","floor":5,"gold_loss":0},{"damage_healed":0,"gold_gain":0,"player_choice":"Trade","damage_taken":0,"relics_obtained":["CultistMask"],"max_hp_gain":0,"max_hp_loss":0,"event_name":"FaceTrader","floor":10,"gold_loss":0}],"is_beta":false,"boss_relics":[],"items_purged_floors":[],"is_endless":false,"potions_floor_spawned":[1,8,14],"killed_by":"Slime Boss","ascension_level":12}