{"gold_per_floor":[119,119,130,141,141,141,153,153,226,244,261,287,287,39,39,137,137,147,247,260,175,191,191,226,242,267,267,267,299,310,328,328,431,431,448,65,65,83,100,128,128,159,186,186,15,42,42,42,42,42,42,42,42,67,67],"floor_reached":55,"playtime":1982,"items_purged":["Defend_G","Strike_G"],"score":1426,"play_id":"88b719d6-0ec6-46ed-ae10-462723c1c642","local_time":"20200209233731","is_ascension_mode":true,"campfire_choices":[{"data":"Accuracy","floor":6.0,"key":"SMITH"},{"data":"Blade Dance","floor":8.0,"key":"SMITH"},{"data":"Accuracy","floor":15.0,"key":"SMITH"},{"data":"Storm of Steel","floor":23.0,"key":"SMITH"},{"data":"Infinite Blades","floor":28.0,"key":"SMITH"},{"data":"Blade Dance","floor":32.0,"key":"SMITH"},{"data":"Burst","floor":41.0,"key":"SMITH"},{"floor":44,"key":"REST"},{"floor":49,"key":"RECALL"},{"data":"Accuracy","floor":52,"key":"SMITH"}],"neow_cost":"NONE","seed_source_timestamp":34775565115899,"circlet_count":0,"master_deck":["AscendersBane","Strike_G","Strike_G","Defend_G","Defend_G+1","Defend_G+1","Survivor","Blade Dance+1","Accuracy+1","Blade Dance+1","Accuracy+1","Cloak And Dagger","Adrenaline","Storm of Steel+1","Cloak And Dagger+1","Acrobatics","Backstab","Terror+1","Infinite Blades+1","Cloak And Dagger","Burst+1","Prepared+1","Leg Sweep","Accuracy+1","Dodge and Roll+1","Master of Strategy","Tactician+1"],"special_seed":0,"relics":["Ring of the Snake","NeowsBlessing","Mummified Hand","Bag of Marbles","Kunai","Runic Pyramid","PreservedInsect","Prayer Wheel","War Paint","Shuriken","Empty Cage","Juzu Bracelet","Centennial Puzzle","Lantern","Molten Egg 2","Regal Pillow","Art of War"],"potions_floor_usage":[55,55,55,55,55,55],"damage_taken":[{"damage":0.0,"enemies":"Small Slimes","floor":1.0,"turns":1.0},{"damage":0.0,"enemies":"Cultist","floor":3.0,"turns":1.0},{"damage":0.0,"enemies":"2 Louse","floor":4.0,"turns":1.0},{"damage":24.0,"enemies":"Lots of Slimes","floor":7.0,"turns":5.0},{"damage":1.0,"enemies":"Looter","floor":10.0,"turns":3.0},{"damage":4.0,"enemies":"Exordium Wildlife","floor":11.0,"turns":5.0},{"damage":0.0,"enemies":"Lagavulin","floor":12.0,"turns":5.0},{"damage":3.0,"enemies":"The Guardian","floor":16.0,"turns":11.0},{"damage":0.0,"enemies":"2 Thieves","floor":18.0,"turns":2.0},{"damage":6.0,"enemies":"Chosen","floor":20.0,"turns":4.0},{"damage":10.0,"enemies":"Centurion and Healer","floor":22.0,"turns":4.0},{"damage":4.0,"enemies":"Book of Stabbing","floor":24.0,"turns":3.0},{"damage":0.0,"enemies":"Sentry and Sphere","floor":25.0,"turns":3.0},{"damage":5.0,"enemies":"Gremlin Leader","floor":29.0,"turns":4.0},{"damage":0.0,"enemies":"Snecko","floor":30.0,"turns":3.0},{"damage":0.0,"enemies":"Centurion and Healer","floor":31.0,"turns":2.0},{"damage":0.0,"enemies":"Automaton","floor":33.0,"turns":6.0},{"damage":1.0,"enemies":"3 Darklings","floor":35.0,"turns":3.0},{"damage":2.0,"enemies":"Orb Walker","floor":38.0,"turns":3.0},{"damage":0.0,"enemies":"Transient","floor":39.0,"turns":5.0},{"damage":15.0,"enemies":"Nemesis","floor":40.0,"turns":3.0},{"damage":0.0,"enemies":"Reptomancer","floor":42.0,"turns":2.0},{"damage":0,"enemies":"Nemesis","floor":46,"turns":3},{"damage":28,"enemies":"Donu and Deca","floor":50,"turns":6},{"damage":0,"enemies":"Shield and Spear","floor":54,"turns":3},{"damage":79,"enemies":"The Heart","floor":55,"turns":3}],"seed_played":"-4110851646495152309","potions_obtained":[{"floor":7.0,"key":"CunningPotion"},{"floor":11.0,"key":"Block Potion"},{"floor":12.0,"key":"SneckoOil"},{"floor":16.0,"key":"Dexterity Potion"},{"floor":20.0,"key":"Dexterity Potion"},{"floor":35.0,"key":"Fruit Juice"},{"floor":38.0,"key":"DistilledChaos"},{"floor":42.0,"key":"EntropicBrew"}],"is_trial":false,"path_per_floor":["M","?","M","M","?","R","M","R","T","M","M","E","?","$","R","B",null,"M","?","M","?","M","R","E","M","T","?","R","E","M","M","R","B",null,"M","$","?","M","M","E","R","E","T","R","$","E","?","?","R","B",null,"R","$","E","B"],"character_chosen":"THE_SILENT","items_purchased":["Kunai","Juzu Bracelet","Centennial Puzzle","Accuracy"],"campfire_rested":1,"item_purchase_floors":[14,36,36,45],"current_hp_per_floor":[63,56,56,56,56,56,32,32,32,31,27,27,44,44,44,41,63,63,63,57,57,47,47,43,43,43,43,43,38,38,38,38,38,60,64,64,64,62,62,47,47,47,47,68,68,68,68,68,68,40,61,61,61,61,0],"gold":67,"neow_bonus":"THREE_ENEMY_KILL","is_prod":false,"is_daily":false,"chose_seed":false,"campfire_upgraded":8,"win_rate":0,"timestamp":1581273451,"path_taken":["M","?","?","?","?","R","M","R","T","M","?","E","?","$","R","BOSS","M","?","?","?","M","R","E","M","T","?","R","E","?","M","R","BOSS","M","$","?","M","M","E","R","E","T","R","$","E","?","?","R","BOSS","R","$","E","BOSS"],"build_version":"2020-01-14","purchased_purges":2,"victory":false,"max_hp_per_floor":[70,70,70,70,70,70,70,70,70,70,70,70,70,70,70,70,70,70,70,70,70,70,70,70,70,70,67,67,67,67,67,67,67,67,72,72,72,72,72,72,72,72,72,72,72,72,68,68,68,68,68,68,68,68,68],"card_choices":[{"not_picked":["Bane","Slice"],"picked":"Blade Dance","floor":1.0},{"not_picked":["Crippling Poison","Sucker Punch"],"picked":"Accuracy","floor":3.0},{"not_picked":["Sucker Punch","Noxious Fumes"],"picked":"Blade Dance","floor":4.0},{"not_picked":["Outmaneuver","Skewer","Expertise"],"picked":"SKIP","floor":7.0},{"not_picked":["Leg Sweep","Backflip"],"picked":"Accuracy","floor":10.0},{"not_picked":["Underhanded Strike","Choke"],"picked":"Cloak And Dagger","floor":11.0},{"not_picked":["Slice","Bane"],"picked":"Adrenaline","floor":12.0},{"not_picked":["Corpse Explosion","Burst"],"picked":"Storm of Steel","floor":16.0},{"not_picked":["Reflex","Predator"],"picked":"Cloak And Dagger+1","floor":18.0},{"not_picked":["Outmaneuver+1","Distraction","Quick Slash"],"picked":"SKIP","floor":20.0},{"not_picked":["Infinite Blades","Bouncing Flask+1"],"picked":"Acrobatics","floor":22.0},{"not_picked":["Distraction","Skewer"],"picked":"Backstab","floor":24.0},{"not_picked":["Deflect","Poisoned Stab+1"],"picked":"Terror+1","floor":25.0},{"not_picked":["Escape Plan","Deadly Poison+1"],"picked":"Infinite Blades","floor":25.0},{"not_picked":["Escape Plan","Dagger Throw"],"picked":"Cloak And Dagger","floor":29.0},{"not_picked":["Bane+1","Predator","Poisoned Stab"],"picked":"SKIP","floor":30.0},{"not_picked":["Dagger Spray","Dagger Throw+1","Finisher"],"picked":"SKIP","floor":30.0},{"not_picked":["Flying Knee","Distraction","Eviscerate"],"picked":"SKIP","floor":31.0},{"not_picked":["Venomology","Acrobatics","Flying Knee"],"picked":"SKIP","floor":31.0},{"not_picked":["Storm of Steel","Wraith Form v2"],"picked":"Burst","floor":33.0},{"not_picked":["Masterful Stab+1","Deflect+1","Finisher"],"picked":"SKIP","floor":35.0},{"not_picked":["Leg Sweep","Concentrate","Outmaneuver"],"picked":"SKIP","floor":35.0},{"not_picked":["Terror+1","Catalyst+1"],"picked":"Prepared+1","floor":38.0},{"not_picked":["Concentrate+1","Blade Dance+1","Catalyst"],"picked":"SKIP","floor":38.0},{"not_picked":["Concentrate+1","Blade Dance+1","Catalyst"],"picked":"SKIP","floor":38.0},{"not_picked":["PiercingWail","Dash+1","Prepared"],"picked":"SKIP","floor":39.0},{"not_picked":["Cloak And Dagger","Slice","Sucker Punch"],"picked":"SKIP","floor":39.0},{"not_picked":["Blade Dance","Bane","Deflect+1"],"picked":"SKIP","floor":40.0},{"not_picked":["Skewer+1","Venomology"],"picked":"Leg Sweep","floor":42.0},{"not_picked":["Poisoned Stab+1","Flying Knee+1"],"picked":"Dodge and Roll+1","floor":46},{"not_picked":["Chrysalis","Transmutation"],"picked":"Master of Strategy","floor":48},{"not_picked":["PiercingWail","All Out Attack+1"],"picked":"Tactician+1","floor":54}],"player_experience":265666,"relics_obtained":[{"floor":9.0,"key":"Mummified Hand"},{"floor":12.0,"key":"Bag of Marbles"},{"floor":24.0,"key":"Prayer Wheel"},{"floor":26.0,"key":"War Paint"},{"floor":29.0,"key":"Shuriken"},{"floor":40.0,"key":"Lantern"},{"floor":42.0,"key":"Molten Egg 2"},{"floor":46,"key":"Regal Pillow"},{"floor":54,"key":"Art of War"}],"event_choices":[{"damage_healed":0.0,"max_hp_gain":0.0,"max_hp_loss":0.0,"gold_gain":0.0,"event_name":"Wheel of Change","player_choice":"Damaged","floor":2.0,"gold_loss":0.0,"damage_taken":7.0},{"cards_removed":["Strike_G"],"damage_healed":0.0,"max_hp_gain":0.0,"max_hp_loss":0.0,"gold_gain":0.0,"event_name":"Bonfire Elementals","player_choice":"Offered Basic","floor":5.0,"gold_loss":0.0,"damage_taken":0.0},{"damage_healed":17.0,"max_hp_gain":0.0,"max_hp_loss":0.0,"gold_gain":0.0,"event_name":"Mushrooms","player_choice":"Healed and dodged fight","floor":13.0,"gold_loss":0.0,"damage_taken":0.0,"cards_obtained":["Parasite"]},{"damage_healed":0.0,"max_hp_gain":0.0,"max_hp_loss":0.0,"gold_gain":100.0,"event_name":"Golden Shrine","player_choice":"Pray","floor":19.0,"gold_loss":0.0,"damage_taken":0.0},{"damage_healed":0.0,"max_hp_gain":0.0,"max_hp_loss":0.0,"gold_gain":0.0,"event_name":"Addict","player_choice":"Obtained Relic","floor":21.0,"gold_loss":85.0,"damage_taken":0.0,"relics_obtained":["PreservedInsect"]},{"cards_removed":["Parasite"],"damage_healed":0.0,"max_hp_gain":0.0,"max_hp_loss":0.0,"gold_gain":0.0,"event_name":"Fountain of Cleansing","player_choice":"Removed Curses","floor":27.0,"gold_loss":0.0,"damage_taken":0.0},{"cards_removed":["Neutralize"],"damage_healed":0.0,"max_hp_gain":0.0,"max_hp_loss":0.0,"gold_gain":0.0,"event_name":"Falling","player_choice":"Removed Attack","floor":37.0,"gold_loss":0.0,"damage_taken":0.0},{"damage_healed":0,"gold_gain":0,"player_choice":"Max HP","damage_taken":0,"max_hp_gain":0,"max_hp_loss":4,"event_name":"Winding Halls","floor":47,"gold_loss":0},{"damage_healed":0,"gold_gain":0,"player_choice":"Memory 1","damage_taken":0,"max_hp_gain":0,"max_hp_loss":0,"event_name":"SensoryStone","floor":48,"gold_loss":0}],"is_beta":false,"boss_relics":[{"not_picked":["Coffee Dripper","Sozu"],"picked":"Runic Pyramid"},{"not_picked":["WristBlade","Fusion Hammer"],"picked":"Empty Cage"}],"items_purged_floors":[36,45],"is_endless":false,"potions_floor_spawned":[7,11,12,16,20,22,29,33,35,38,42,46],"killed_by":"The Heart","ascension_level":11}