{"gold_per_floor":[115,190,190,202,202,202,202],"floor_reached":7,"playtime":167,"items_purged":[],"score":60,"play_id":"a32cd174-05dd-450f-ad51-0ae91587654f","local_time":"20200209213112","is_ascension_mode":true,"campfire_choices":[{"data":"Neutralize","floor":6.0,"key":"SMITH"}],"neow_cost":"NONE","seed_source_timestamp":28972738481000,"circlet_count":0,"master_deck":["AscendersBane","Strike_G","Strike_G","Strike_G","Strike_G","Strike_G","Defend_G","Defend_G","Defend_G","Defend_G+1","Defend_G+1","Survivor","Neutralize+1","Trip","Leg Sweep","Regret"],"special_seed":0,"relics":["Ring of the Snake","Strawberry"],"potions_floor_usage":[],"damage_taken":[{"damage":0.0,"enemies":"2 Louse","floor":1.0,"turns":4.0},{"damage":4.0,"enemies":"Small Slimes","floor":4.0,"turns":5.0},{"damage":16,"enemies":"3 Sentries","floor":7,"turns":6}],"seed_played":"-4384078356450683356","potions_obtained":[{"floor":1.0,"key":"Dexterity Potion"}],"is_trial":false,"path_per_floor":["M","?","?","M","?","R","E"],"character_chosen":"THE_SILENT","items_purchased":[],"campfire_rested":0,"item_purchase_floors":[],"current_hp_per_floor":[63,52,59,55,40,40,24],"gold":202,"neow_bonus":"RANDOM_COLORLESS","is_prod":false,"is_daily":false,"chose_seed":false,"campfire_upgraded":1,"win_rate":0,"timestamp":1581265872,"path_taken":["M","?","?","?","?","R","E"],"build_version":"2020-01-14","purchased_purges":0,"victory":false,"max_hp_per_floor":[70,70,77,77,77,77,77],"card_choices":[{"not_picked":["Bandage Up","Deep Breath"],"picked":"Trip","floor":0.0},{"not_picked":["Quick Slash","Flying Knee"],"picked":"Leg Sweep","floor":1.0},{"not_picked":["Deflect","Reflex","Outmaneuver"],"picked":"SKIP","floor":4.0}],"player_experience":265499,"relics_obtained":[],"event_choices":[{"damage_healed":0.0,"max_hp_gain":0.0,"max_hp_loss":0.0,"gold_gain":75.0,"event_name":"World of Goop","player_choice":"Gather Gold","floor":2.0,"gold_loss":0.0,"damage_taken":11.0},{"damage_healed":0.0,"max_hp_gain":0.0,"max_hp_loss":0.0,"gold_gain":0.0,"event_name":"Big Fish","player_choice":"Box","floor":3.0,"gold_loss":0.0,"damage_taken":0.0,"relics_obtained":["Strawberry"],"cards_obtained":["Regret"]},{"damage_healed":0.0,"max_hp_gain":0.0,"max_hp_loss":0.0,"gold_gain":0.0,"event_name":"Shining Light","player_choice":"Entered Light","floor":5.0,"gold_loss":0.0,"damage_taken":15.0,"cards_upgraded":["Defend_G","Defend_G"]}],"is_beta":false,"boss_relics":[],"items_purged_floors":[],"is_endless":false,"potions_floor_spawned":[1],"killed_by":"3 Sentries","ascension_level":11}