{"gold_per_floor":[109,109,120,45,56,83,83,83,83,83,102,102,27,42,42,144,144,154,166,192,192],"floor_reached":21,"playtime":967,"items_purged":[],"score":286,"play_id":"7f9c7dd2-0e02-40a2-959d-acd96e1baf09","local_time":"20200215201012","is_ascension_mode":true,"campfire_choices":[{"floor":7,"key":"REST"},{"data":"Deadly Poison","floor":10,"key":"SMITH"},{"data":"Deadly Poison","floor":12,"key":"SMITH"},{"data":"Noxious Fumes","floor":15,"key":"SMITH"}],"neow_cost":"NONE","seed_source_timestamp":17764970374100,"circlet_count":0,"master_deck":["AscendersBane","Strike_G","Strike_G","Strike_G","Strike_G","Defend_G","Defend_G","Defend_G","Defend_G","Defend_G","Survivor","Neutralize","Deadly Poison+1","Backflip","Crippling Poison","Deadly Poison+1","Noxious Fumes+1","Bullet Time","Backflip"],"relics":["Black Star","Vajra","Dream Catcher","Bottled Lightning","Runic Pyramid","Red Mask"],"potions_floor_usage":[6,20],"damage_taken":[{"damage":8,"enemies":"Small Slimes","floor":1,"turns":6},{"damage":0,"enemies":"Cultist","floor":3,"turns":4},{"damage":0,"enemies":"2 Louse","floor":5,"turns":3},{"damage":38,"enemies":"Gremlin Nob","floor":6,"turns":5},{"damage":8,"enemies":"Blue Slaver","floor":11,"turns":4},{"damage":7,"enemies":"Exordium Wildlife","floor":14,"turns":4},{"damage":12,"enemies":"The Guardian","floor":16,"turns":8},{"damage":0,"enemies":"3 Byrds","floor":18,"turns":4},{"damage":11,"enemies":"Shell Parasite","floor":19,"turns":5},{"damage":60,"enemies":"Masked Bandits","floor":20,"turns":6},{"damage":6,"enemies":"Centurion and Healer","floor":21,"turns":1}],"seed_played":"-6529401116123765102","potions_obtained":[{"floor":3,"key":"SkillPotion"},{"floor":6,"key":"Regen Potion"},{"floor":11,"key":"BlessingOfTheForge"},{"floor":20,"key":"Energy Potion"}],"is_trial":false,"path_per_floor":["M","?","M","$","M","E","R","?","T","R","M","R","$","M","R","B",null,"M","M","?","M"],"character_chosen":"THE_SILENT","items_purchased":["Crippling Poison","Noxious Fumes"],"campfire_rested":1,"item_purchase_floors":[4,13],"current_hp_per_floor":[55,55,55,55,55,17,38,61,61,61,53,53,53,46,46,34,61,61,50,5,0],"gold":192,"neow_bonus":"BOSS_RELIC","is_prod":false,"is_daily":false,"chose_seed":false,"campfire_upgraded":3,"win_rate":0,"timestamp":1581779412,"path_taken":["M","?","M","?","M","E","R","?","T","R","M","R","$","M","R","BOSS","M","M","?","M"],"build_version":"2020-01-14","purchased_purges":0,"victory":false,"max_hp_per_floor":[70,70,70,70,70,70,70,70,70,70,70,70,70,70,70,70,70,70,70,70,70],"card_choices":[{"not_picked":["Escape Plan","Flying Knee"],"picked":"Deadly Poison","floor":1},{"not_picked":["Cloak And Dagger","Escape Plan"],"picked":"Backflip","floor":3},{"not_picked":["Terror","Blade Dance"],"picked":"Deadly Poison","floor":5},{"not_picked":["Poisoned Stab","Choke","Backflip"],"picked":"SKIP","floor":6},{"not_picked":["Backflip","Terror","Setup"],"picked":"SKIP","floor":11},{"not_picked":["Backflip","Terror","Setup"],"picked":"SKIP","floor":11},{"not_picked":["Well Laid Plans","Distraction","Poisoned Stab"],"picked":"SKIP","floor":14},{"not_picked":["Venomology","Storm of Steel"],"picked":"Bullet Time","floor":16},{"not_picked":["Sucker Punch","PiercingWail","Masterful Stab"],"picked":"SKIP","floor":18},{"not_picked":["Eviscerate","Backstab","Heel Hook"],"picked":"SKIP","floor":19},{"not_picked":["Sucker Punch","Dagger Throw+1"],"picked":"Backflip","floor":20}],"player_experience":280571,"relics_obtained":[{"floor":6,"key":"Vajra"},{"floor":6,"key":"Dream Catcher"},{"floor":9,"key":"Bottled Lightning"},{"floor":20,"key":"Red Mask"}],"event_choices":[{"cards_removed":["Strike_G"],"damage_healed":0,"gold_gain":0,"player_choice":"Purged","damage_taken":0,"max_hp_gain":0,"max_hp_loss":0,"event_name":"Purifier","floor":2,"gold_loss":0},{"damage_healed":23,"gold_gain":0,"player_choice":"Banana","damage_taken":0,"max_hp_gain":0,"max_hp_loss":0,"event_name":"Big Fish","floor":8,"gold_loss":0},{"damage_healed":0,"gold_gain":0,"player_choice":"Fought Bandits","damage_taken":0,"max_hp_gain":0,"max_hp_loss":0,"event_name":"Masked Bandits","floor":20,"gold_loss":0}],"is_beta":false,"boss_relics":[{"not_picked":["WristBlade","Astrolabe"],"picked":"Runic Pyramid"}],"items_purged_floors":[],"is_endless":false,"potions_floor_spawned":[3,6,11,19,20],"killed_by":"Centurion and Healer","ascension_level":12}