{"gold_per_floor":[109,109,109,109,119,144,144,175,202,219,146,166,67,95,95,197,197,216,119,119,130,229,258,258,274,354,354,365,393,405,103,103,198,198,216,226,237,256,256,256,306,306,385,399,411,411,443,42,42,42,42,42,42,67,67],"floor_reached":55,"playtime":3969,"items_purged":["Defend_G"],"score":1058,"play_id":"56f26d2b-e091-4215-b55d-38853cd67351","local_time":"20200207222740","is_ascension_mode":true,"campfire_choices":[{"floor":7,"key":"REST"},{"data":"Accuracy","floor":15,"key":"SMITH"},{"data":"Calculated Gamble","floor":24,"key":"SMITH"},{"floor":27,"key":"REST"},{"data":"Storm of Steel","floor":32,"key":"SMITH"},{"data":"After Image","floor":40,"key":"SMITH"},{"data":"Cloak And Dagger","floor":46,"key":"SMITH"},{"floor":49,"key":"RECALL"},{"data":"Footwork","floor":52,"key":"SMITH"}],"neow_cost":"NONE","seed_source_timestamp":29351680940700,"circlet_count":0,"master_deck":["AscendersBane","Strike_G","Strike_G","Strike_G","Defend_G+1","Defend_G+1","Survivor","Neutralize+1","After Image+1","Heel Hook","Endless Agony","Sucker Punch","Storm of Steel+1","Infinite Blades","Infinite Blades","Cloak And Dagger+1","Accuracy+1","Calculated Gamble+1","Prepared","Endless Agony+1","Malaise+1","Blade Dance","Cloak And Dagger+1","Escape Plan+1","Footwork+1","Prepared","Terror","Adrenaline","Acrobatics","Concentrate+1","Reflex+1","Choke+1"],"relics":["Ring of the Serpent","Centennial Puzzle","Molten Egg 2","Regal Pillow","Tough Bandages","Darkstone Periapt","Mummified Hand","Pantograph","Medical Kit","Black Star","Prayer Wheel","War Paint","StoneCalendar","Bird Faced Urn","FossilizedHelix","InkBottle"],"potions_floor_usage":[8,16,47,50,54,55,55,55,55,55],"damage_taken":[{"damage":4,"enemies":"Jaw Worm","floor":1,"turns":6},{"damage":0,"enemies":"Cultist","floor":5,"turns":5},{"damage":22,"enemies":"Lagavulin","floor":6,"turns":11},{"damage":3,"enemies":"3 Sentries","floor":8,"turns":13},{"damage":0,"enemies":"2 Louse","floor":10,"turns":3},{"damage":2,"enemies":"2 Fungi Beasts","floor":12,"turns":4},{"damage":1,"enemies":"Lagavulin","floor":14,"turns":6},{"damage":7,"enemies":"The Guardian","floor":16,"turns":8},{"damage":0,"enemies":"Shell Parasite","floor":18,"turns":6},{"damage":0,"enemies":"3 Byrds","floor":21,"turns":6},{"damage":22,"enemies":"Slavers","floor":23,"turns":6},{"damage":12,"enemies":"Shelled Parasite and Fungi","floor":25,"turns":4},{"damage":0,"enemies":"Snake Plant","floor":28,"turns":6},{"damage":1,"enemies":"Gremlin Leader","floor":29,"turns":5},{"damage":8,"enemies":"Chosen and Byrds","floor":30,"turns":5},{"damage":7,"enemies":"Champ","floor":33,"turns":8},{"damage":13,"enemies":"3 Shapes","floor":35,"turns":3},{"damage":4,"enemies":"Orb Walker","floor":36,"turns":3},{"damage":3,"enemies":"4 Shapes","floor":37,"turns":5},{"damage":0,"enemies":"Spire Growth","floor":38,"turns":5},{"damage":0,"enemies":"Mind Bloom Boss Battle","floor":41,"turns":6},{"damage":0,"enemies":"Maw","floor":44,"turns":7},{"damage":20,"enemies":"3 Darklings","floor":45,"turns":5},{"damage":29,"enemies":"Reptomancer","floor":47,"turns":5},{"damage":14,"enemies":"Awakened One","floor":50,"turns":15},{"damage":43,"enemies":"Shield and Spear","floor":54,"turns":7},{"damage":67,"enemies":"The Heart","floor":55,"turns":6}],"seed_played":"-1631417279569748572","potions_obtained":[{"floor":6,"key":"Swift Potion"},{"floor":12,"key":"Swift Potion"},{"floor":16,"key":"EntropicBrew"},{"floor":18,"key":"PowerPotion"},{"floor":25,"key":"Swift Potion"},{"floor":29,"key":"Regen Potion"},{"floor":30,"key":"DuplicationPotion"},{"floor":36,"key":"CunningPotion"},{"floor":44,"key":"GamblersBrew"},{"floor":54,"key":"SpeedPotion"}],"is_trial":false,"path_per_floor":["M","?","?","$","M","E","R","E","T","M","$","M","$","E","R","B",null,"M","$","?","M","?","E","R","M","T","R","M","E","M","$","R","B",null,"M","M","M","M","$","R","?","?","T","M","M","R","E","$","R","B",null,"R","$","E","B"],"character_chosen":"THE_SILENT","items_purchased":["Infinite Blades","Cloak And Dagger","Accuracy","Prepared","Medical Kit","Footwork","Prepared","Terror","Bird Faced Urn","Strength Potion","Choke+1"],"campfire_rested":2,"item_purchase_floors":[11,13,13,19,31,31,31,31,48,48,48],"current_hp_per_floor":[59,52,38,38,38,16,37,34,34,34,34,32,32,31,31,24,59,59,59,59,59,59,37,37,25,25,61,61,60,52,52,52,63,68,55,51,48,48,48,48,70,70,70,70,50,50,21,21,21,42,63,63,63,30,0],"gold":67,"neow_bonus":"TRANSFORM_CARD","is_prod":false,"is_daily":false,"chose_seed":false,"campfire_upgraded":6,"win_rate":0,"timestamp":1581096460,"path_taken":["M","?","?","$","M","E","R","E","T","?","?","M","$","E","R","BOSS","M","$","?","M","?","E","R","M","T","R","M","E","M","$","R","BOSS","M","M","M","M","$","R","?","?","T","M","M","R","E","$","R","BOSS","R","$","E","BOSS"],"build_version":"2020-01-14","purchased_purges":1,"victory":false,"max_hp_per_floor":[70,70,70,70,70,70,70,70,70,70,70,70,70,70,70,70,70,70,70,70,70,70,70,70,70,70,70,70,70,70,70,70,70,70,70,70,70,70,70,70,70,70,70,70,70,70,70,70,70,70,70,70,70,70,70],"card_choices":[{"not_picked":["Underhanded Strike","Sucker Punch"],"picked":"Heel Hook","floor":1},{"not_picked":["Leg Sweep","Crippling Poison"],"picked":"Endless Agony","floor":5},{"not_picked":["Crippling Poison","Dagger Spray"],"picked":"Sucker Punch","floor":6},{"not_picked":["Dagger Throw+1","Backflip"],"picked":"Storm of Steel","floor":8},{"not_picked":["Outmaneuver","Bouncing Flask","Underhanded Strike+1"],"picked":"SKIP","floor":10},{"not_picked":["Well Laid Plans","Quick Slash+1"],"picked":"Infinite Blades","floor":12},{"not_picked":["Doppelganger","Deflect","Dodge and Roll"],"picked":"SKIP","floor":14},{"not_picked":["Caltrops","Heel Hook+1"],"picked":"Calculated Gamble","floor":18},{"not_picked":["Prepared+1","Dagger Throw+1"],"picked":"Blade Dance","floor":21},{"not_picked":["Masterful Stab+1","Blur","Doppelganger"],"picked":"SKIP","floor":23},{"not_picked":["Sucker Punch+1","Poisoned Stab+1"],"picked":"Cloak And Dagger+1","floor":25},{"not_picked":["Blade Dance","Night Terror","Well Laid Plans"],"picked":"SKIP","floor":28},{"not_picked":["Tactician","Quick Slash+1","Bane+1"],"picked":"SKIP","floor":29},{"not_picked":["Bane+1","Expertise"],"picked":"Escape Plan+1","floor":30},{"not_picked":["Corpse Explosion","Glass Knife+1"],"picked":"Adrenaline","floor":33},{"not_picked":["Outmaneuver+1","Flying Knee+1"],"picked":"Acrobatics","floor":35},{"not_picked":["Poisoned Stab+1","Tools of the Trade","Deflect+1"],"picked":"SKIP","floor":36},{"not_picked":["Footwork+1","Dagger Throw+1","Flying Knee+1"],"picked":"SKIP","floor":37},{"not_picked":["Predator+1","Blade Dance+1","Prepared"],"picked":"SKIP","floor":38},{"not_picked":["Backflip","PiercingWail"],"picked":"Concentrate+1","floor":44},{"not_picked":["Cloak And Dagger","Doppelganger","Dodge and Roll+1"],"picked":"SKIP","floor":44},{"not_picked":["Outmaneuver","Bane+1"],"picked":"Reflex+1","floor":45},{"not_picked":["Acrobatics","Cloak And Dagger","Expertise+1"],"picked":"SKIP","floor":45},{"not_picked":["Flying Knee+1","Die Die Die+1","Concentrate+1"],"picked":"SKIP","floor":47},{"not_picked":["Bouncing Flask","Backflip","All Out Attack+1"],"picked":"SKIP","floor":54}],"player_experience":257957,"relics_obtained":[{"floor":6,"key":"Centennial Puzzle"},{"floor":8,"key":"Molten Egg 2"},{"floor":9,"key":"Regal Pillow"},{"floor":14,"key":"Tough Bandages"},{"floor":23,"key":"Darkstone Periapt"},{"floor":26,"key":"Mummified Hand"},{"floor":29,"key":"Pantograph"},{"floor":41,"key":"Prayer Wheel"},{"floor":47,"key":"War Paint"},{"floor":47,"key":"StoneCalendar"},{"floor":54,"key":"FossilizedHelix"},{"floor":54,"key":"InkBottle"}],"event_choices":[{"cards_removed":["Defend_G"],"damage_healed":0,"gold_gain":0,"player_choice":"Card Removal","damage_taken":7,"max_hp_gain":0,"max_hp_loss":0,"event_name":"Golden Wing","floor":2,"gold_loss":0},{"damage_healed":0,"gold_gain":0,"player_choice":"Entered Light","damage_taken":14,"max_hp_gain":0,"max_hp_loss":0,"event_name":"Shining Light","floor":3,"gold_loss":0,"cards_upgraded":["Defend_G","Neutralize"]},{"damage_healed":0,"gold_gain":0,"cards_transformed":["Strike_G","Defend_G"],"player_choice":"Became Test Subject","damage_taken":0,"max_hp_gain":0,"max_hp_loss":0,"event_name":"Drug Dealer","floor":20,"gold_loss":0,"cards_obtained":["Endless Agony","Malaise"]},{"damage_healed":0,"gold_gain":99,"player_choice":"Stole From Cult","damage_taken":0,"max_hp_gain":0,"max_hp_loss":0,"event_name":"Nest","floor":22,"gold_loss":0},{"damage_healed":0,"gold_gain":0,"player_choice":"Fight","damage_taken":0,"max_hp_gain":0,"max_hp_loss":0,"event_name":"MindBloom","floor":41,"gold_loss":0},{"damage_healed":0,"gold_gain":0,"player_choice":"Ignored","damage_taken":0,"max_hp_gain":0,"max_hp_loss":0,"event_name":"Tomb of Lord Red Mask","floor":42,"gold_loss":0}],"is_beta":false,"boss_relics":[{"not_picked":["Busted Crown","Calling Bell"],"picked":"Ring of the Serpent"},{"not_picked":["SlaversCollar","Fusion Hammer"],"picked":"Black Star"}],"items_purged_floors":[19],"is_endless":false,"potions_floor_spawned":[6,12,16,18,25,29,30,36,37,41,44,54],"killed_by":"The Heart","ascension_level":10}