{"gold_per_floor":[114,19,19,37,112,37,63,81,81,109,124,124,136,161,173,185],"floor_reached":16,"playtime":423,"items_purged":["Defend_G"],"score":216,"play_id":"67ea00a2-ab0a-4a60-b7f3-0a5f220df82b","local_time":"20200217154946","is_ascension_mode":true,"campfire_choices":[{"floor":12,"key":"REST"},{"data":"Dagger Spray","floor":15,"key":"SMITH"}],"neow_cost":"NONE","seed_source_timestamp":1736421074400,"circlet_count":0,"master_deck":["AscendersBane","Strike_G","Strike_G","Strike_G","Strike_G","Defend_G","Defend_G","Defend_G","Defend_G","Survivor","Neutralize","Accuracy","Slice","Dagger Spray+1","Backflip","Infinite Blades"],"relics":["Ring of the Snake","NeowsBlessing","Bottled Flame","Singing Bowl","Ornamental Fan","MawBank"],"potions_floor_usage":[10,11],"damage_taken":[{"damage":0,"enemies":"2 Louse","floor":1,"turns":1},{"damage":0,"enemies":"Cultist","floor":4,"turns":1},{"damage":0,"enemies":"Lagavulin","floor":7,"turns":1},{"damage":0,"enemies":"Jaw Worm","floor":8,"turns":3},{"damage":35,"enemies":"3 Sentries","floor":10,"turns":14},{"damage":0,"enemies":"Exordium Wildlife","floor":11,"turns":2},{"damage":0,"enemies":"3 Louse","floor":13,"turns":3},{"damage":40,"enemies":"Slime Boss","floor":16,"turns":7}],"seed_played":"6812627070829121569","potions_obtained":[{"floor":4,"key":"Swift Potion"},{"floor":10,"key":"Explosive Potion"},{"floor":13,"key":"Ancient Potion"}],"is_trial":false,"path_per_floor":["M","$","?","M","?","$","E","M","T","E","M","R","M","T","R","B"],"character_chosen":"THE_SILENT","items_purchased":["Accuracy","Slice"],"campfire_rested":1,"item_purchase_floors":[2,2],"current_hp_per_floor":[63,63,56,56,49,49,49,49,49,14,16,37,39,39,39,0],"gold":185,"neow_bonus":"THREE_ENEMY_KILL","is_prod":false,"is_daily":false,"chose_seed":false,"campfire_upgraded":1,"win_rate":0,"timestamp":1581936586,"path_taken":["M","$","?","M","?","$","E","M","T","E","M","R","?","?","R","BOSS"],"build_version":"2020-01-14","purchased_purges":1,"victory":false,"max_hp_per_floor":[70,70,70,70,70,70,70,70,70,70,72,72,74,74,74,74],"card_choices":[{"not_picked":["Acrobatics","Setup","PiercingWail"],"picked":"SKIP","floor":1},{"not_picked":["Flying Knee","Predator","Heel Hook"],"picked":"SKIP","floor":4},{"not_picked":["Backstab","Masterful Stab"],"picked":"Dagger Spray","floor":7},{"not_picked":["Catalyst","Skewer"],"picked":"Backflip","floor":8},{"not_picked":["Acrobatics","Bouncing Flask"],"picked":"Infinite Blades","floor":10},{"not_picked":["Acrobatics","Outmaneuver","Predator"],"picked":"Singing Bowl","floor":11},{"not_picked":["PiercingWail","Prepared","Outmaneuver"],"picked":"Singing Bowl","floor":13}],"player_experience":290355,"relics_obtained":[{"floor":7,"key":"Bottled Flame"},{"floor":9,"key":"Singing Bowl"},{"floor":10,"key":"Ornamental Fan"},{"floor":14,"key":"MawBank"}],"event_choices":[{"cards_removed":["Strike_G"],"damage_healed":0,"gold_gain":0,"player_choice":"Card Removal","damage_taken":7,"max_hp_gain":0,"max_hp_loss":0,"event_name":"Golden Wing","floor":3,"gold_loss":0},{"damage_healed":0,"gold_gain":75,"player_choice":"Touch","damage_taken":7,"max_hp_gain":0,"max_hp_loss":0,"event_name":"FaceTrader","floor":5,"gold_loss":0}],"is_beta":false,"boss_relics":[],"items_purged_floors":[6],"is_endless":false,"potions_floor_spawned":[4,10,13],"killed_by":"Slime Boss","ascension_level":12}