{"gold_per_floor":[118,138,157,157,26,52,52,81,158,170,196,196,226,238,238,338,338,355,32,52,70,70,70,70,70],"floor_reached":25,"playtime":883,"items_purged":["Defend_G"],"score":341,"play_id":"21c1c693-ba1f-428b-a473-5a070d2dbcb1","local_time":"20200218112440","is_ascension_mode":true,"campfire_choices":[{"data":"Envenom","floor":7,"key":"SMITH"},{"floor":15,"key":"REST"},{"floor":23,"key":"REST"}],"neow_cost":"NONE","seed_source_timestamp":1154985467500,"circlet_count":0,"master_deck":["AscendersBane","Strike_G","Strike_G","Strike_G","Strike_G","Strike_G","Defend_G","Defend_G","Survivor","Neutralize","Cloak And Dagger","Escape Plan","A Thousand Cuts","Envenom+1","Backstab","Deflect","Parasite","Cloak And Dagger","Adrenaline","Blade Dance","Footwork","Sucker Punch"],"relics":["Ring of the Snake","Smiling Mask","TungstenRod","Bag of Marbles","Kunai","Toy Ornithopter","Empty Cage","Ninja Scroll"],"potions_floor_usage":[8,10,22,25],"damage_taken":[{"damage":0,"enemies":"Cultist","floor":1,"turns":5},{"damage":4,"enemies":"Small Slimes","floor":2,"turns":5},{"damage":7,"enemies":"Jaw Worm","floor":3,"turns":5},{"damage":15,"enemies":"Lagavulin","floor":6,"turns":7},{"damage":25,"enemies":"3 Sentries","floor":8,"turns":7},{"damage":1,"enemies":"3 Louse","floor":10,"turns":3},{"damage":0,"enemies":"2 Fungi Beasts","floor":14,"turns":3},{"damage":23,"enemies":"Slime Boss","floor":16,"turns":10},{"damage":14,"enemies":"Chosen","floor":18,"turns":6},{"damage":11,"enemies":"Spheric Guardian","floor":20,"turns":4},{"damage":16,"enemies":"Snake Plant","floor":21,"turns":4},{"damage":0,"enemies":"Snecko","floor":22,"turns":3},{"damage":59,"enemies":"Gremlin Leader","floor":25,"turns":6}],"seed_played":"-1139600354473295505","potions_obtained":[{"floor":2,"key":"AttackPotion"},{"floor":8,"key":"AttackPotion"},{"floor":16,"key":"ColorlessPotion"},{"floor":20,"key":"SmokeBomb"},{"floor":21,"key":"SpeedPotion"}],"is_trial":false,"path_per_floor":["M","M","M","?","$","E","R","E","T","M","T","?","?","M","R","B",null,"M","$","M","M","M","R","?","E"],"character_chosen":"THE_SILENT","items_purchased":["A Thousand Cuts","Ninja Scroll","Footwork"],"campfire_rested":2,"item_purchase_floors":[5,19,19],"current_hp_per_floor":[63,59,52,45,45,30,30,5,5,4,4,21,21,21,42,19,57,43,43,32,16,21,42,42,0],"gold":70,"neow_bonus":"RANDOM_COMMON_RELIC","is_prod":false,"is_daily":false,"chose_seed":false,"campfire_upgraded":1,"win_rate":0,"timestamp":1582007080,"path_taken":["M","M","?","?","$","E","R","E","T","M","?","?","?","?","R","BOSS","M","$","M","M","M","R","?","E"],"build_version":"2020-01-14","purchased_purges":1,"victory":false,"max_hp_per_floor":[70,70,70,70,70,70,70,70,70,70,70,70,70,70,70,70,70,70,70,70,70,70,70,70,70],"card_choices":[{"not_picked":["Bane","Calculated Gamble"],"picked":"Deadly Poison","floor":1},{"not_picked":["Masterful Stab","Poisoned Stab"],"picked":"Cloak And Dagger","floor":2},{"not_picked":["Dagger Throw","Slice"],"picked":"Escape Plan","floor":3},{"not_picked":["Blade Dance","Predator"],"picked":"Envenom","floor":6},{"not_picked":["Dodge and Roll","Bouncing Flask"],"picked":"Backstab","floor":8},{"not_picked":["Acrobatics","Sucker Punch"],"picked":"Deflect","floor":10},{"not_picked":["Setup","Terror"],"picked":"Cloak And Dagger","floor":14},{"not_picked":["Night Terror","Bullet Time"],"picked":"Adrenaline","floor":16},{"not_picked":["Deadly Poison","Sucker Punch+1"],"picked":"Blade Dance","floor":18},{"not_picked":["Tactician","Well Laid Plans"],"picked":"Sucker Punch","floor":20},{"not_picked":["Bane","Noxious Fumes","Predator"],"picked":"SKIP","floor":21}],"player_experience":295267,"relics_obtained":[{"floor":6,"key":"TungstenRod"},{"floor":8,"key":"Bag of Marbles"},{"floor":9,"key":"Kunai"},{"floor":11,"key":"Toy Ornithopter"}],"event_choices":[{"cards_removed":["Defend_G"],"damage_healed":0,"gold_gain":0,"player_choice":"Card Removal","damage_taken":7,"max_hp_gain":0,"max_hp_loss":0,"event_name":"Golden Wing","floor":4,"gold_loss":0},{"damage_healed":17,"gold_gain":0,"player_choice":"Healed and dodged fight","damage_taken":0,"max_hp_gain":0,"max_hp_loss":0,"event_name":"Mushrooms","floor":12,"gold_loss":0,"cards_obtained":["Parasite"]},{"damage_healed":0,"gold_gain":30,"player_choice":"Searched \u00271\u0027 times","damage_taken":0,"max_hp_gain":0,"max_hp_loss":0,"event_name":"Dead Adventurer","floor":13,"gold_loss":0},{"damage_healed":0,"gold_gain":0,"player_choice":"Ignored","damage_taken":0,"max_hp_gain":0,"max_hp_loss":0,"event_name":"Cursed Tome","floor":24,"gold_loss":0}],"is_beta":false,"boss_relics":[{"not_picked":["Fusion Hammer","Snecko Eye"],"picked":"Empty Cage"}],"items_purged_floors":[5],"is_endless":false,"potions_floor_spawned":[2,8,16,20,21,22],"killed_by":"Gremlin Leader","ascension_level":12}