{"gold_per_floor":[99,71,71,71,71,71,71,71,71,71,71,71,41,41,41,41,41,26,26,26,26,26,26,26,26,26,26,26,26,26,26,26,26,26,26,26,26,26,26,26,26,26,26,0,0,0,0,0],"floor_reached":48,"playtime":1718,"items_purged":[],"score":835,"play_id":"a193a88e-6586-455d-a9ee-90686e903759","local_time":"20200225193630","is_ascension_mode":true,"campfire_choices":[{"data":"Neutralize","floor":7.0,"key":"SMITH"},{"floor":12.0,"key":"REST"},{"floor":15.0,"key":"REST"},{"data":"Cloak And Dagger","floor":23.0,"key":"SMITH"},{"data":"A Thousand Cuts","floor":25.0,"key":"SMITH"},{"floor":28.0,"key":"REST"},{"floor":32.0,"key":"REST"},{"floor":40.0,"key":"REST"},{"data":"Finisher","floor":42.0,"key":"SMITH"}],"neow_cost":"NONE","seed_source_timestamp":9601468321700,"circlet_count":0,"master_deck":["AscendersBane","Strike_G","Strike_G","Strike_G","Strike_G","Strike_G","Defend_G","Defend_G","Survivor","Neutralize+1","Cloak And Dagger+1","Blade Dance","Finisher+1","Cloak And Dagger","Footwork","Masterful Stab+1","Sucker Punch+1","A Thousand Cuts+1","Cloak And Dagger","Terror","Footwork","Corpse Explosion","Noxious Fumes","Dodge and Roll","Calculated Gamble","Venomology","Terror+1","Escape Plan+1","Dodge and Roll+1","Dodge and Roll"],"special_seed":0,"relics":["Ectoplasm","Snake Skull","Molten Egg 2","Centennial Puzzle","WristBlade","Kunai","Akabeko","Astrolabe","Toy Ornithopter","Red Mask","Torii","Bronze Scales"],"potions_floor_usage":[],"damage_taken":[{"damage":10.0,"enemies":"2 Louse","floor":1.0,"turns":4.0},{"damage":0.0,"enemies":"Cultist","floor":3.0,"turns":4.0},{"damage":0.0,"enemies":"Small Slimes","floor":4.0,"turns":4.0},{"damage":1.0,"enemies":"Exordium Wildlife","floor":5.0,"turns":5.0},{"damage":24.0,"enemies":"Gremlin Nob","floor":6.0,"turns":5.0},{"damage":30.0,"enemies":"Lagavulin","floor":8.0,"turns":7.0},{"damage":0.0,"enemies":"Blue Slaver","floor":11.0,"turns":1.0},{"damage":8.0,"enemies":"Looter","floor":13.0,"turns":3.0},{"damage":0.0,"enemies":"Exordium Wildlife","floor":14.0,"turns":4.0},{"damage":7.0,"enemies":"Slime Boss","floor":16.0,"turns":8.0},{"damage":6.0,"enemies":"2 Thieves","floor":18.0,"turns":2.0},{"damage":4.0,"enemies":"Shell Parasite","floor":20.0,"turns":6.0},{"damage":0.0,"enemies":"Cultist and Chosen","floor":22.0,"turns":7.0},{"damage":38.0,"enemies":"Book of Stabbing","floor":27.0,"turns":7.0},{"damage":7.0,"enemies":"Snecko","floor":29.0,"turns":5.0},{"damage":5.0,"enemies":"3 Cultists","floor":30.0,"turns":3.0},{"damage":6.0,"enemies":"Automaton","floor":33.0,"turns":9.0},{"damage":2.0,"enemies":"3 Shapes","floor":35.0,"turns":5.0},{"damage":1.0,"enemies":"Orb Walker","floor":36.0,"turns":3.0},{"damage":14.0,"enemies":"Sphere and 2 Shapes","floor":38.0,"turns":5.0},{"damage":22.0,"enemies":"Reptomancer","floor":45.0,"turns":5.0},{"damage":6.0,"enemies":"Jaw Worm Horde","floor":46.0,"turns":2.0},{"damage":56.0,"enemies":"Giant Head","floor":47.0,"turns":11.0},{"damage":25,"enemies":"Maw","floor":48,"turns":2}],"seed_played":"-5836399336818932025","potions_obtained":[{"floor":4.0,"key":"Regen Potion"},{"floor":6.0,"key":"GhostInAJar"},{"floor":10.0,"key":"EntropicBrew"},{"floor":14.0,"key":"Poison Potion"},{"floor":16.0,"key":"LiquidMemories"},{"floor":22.0,"key":"Regen Potion"},{"floor":29.0,"key":"Dexterity Potion"},{"floor":33.0,"key":"Strength Potion"},{"floor":38.0,"key":"Weak Potion"}],"is_trial":false,"path_per_floor":["M","?","M","M","M","E","R","E","T","?","M","R","M","M","R","B",null,"M","?","M","?","M","R","$","R","T","E","R","M","M","?","R","B",null,"M","M","$","M","$","R","?","R","T","?","E","M","E","M"],"character_chosen":"THE_SILENT","items_purchased":[],"campfire_rested":5,"item_purchase_floors":[],"current_hp_per_floor":[53,53,53,53,52,40,40,10,10,10,10,31,23,23,44,37,62,56,56,52,52,52,52,52,52,52,14,35,28,32,32,53,47,64,62,61,61,47,47,68,68,68,68,68,51,45,20,0],"gold":0,"neow_bonus":"BOSS_RELIC","is_prod":false,"is_daily":false,"chose_seed":false,"campfire_upgraded":4,"win_rate":0,"timestamp":1582641390,"path_taken":["M","?","M","M","M","E","R","E","T","?","M","R","M","?","R","BOSS","M","?","M","?","?","R","$","R","T","E","R","?","M","?","R","BOSS","M","M","$","M","$","R","?","R","T","?","E","M","E","M"],"build_version":"2020-01-14","purchased_purges":0,"victory":false,"max_hp_per_floor":[70,70,70,70,70,70,70,70,70,70,70,70,70,70,70,70,70,70,70,70,70,70,70,70,70,70,70,70,70,70,70,70,70,70,70,70,70,70,70,70,70,70,70,70,70,70,70,70],"card_choices":[{"not_picked":["Bane","Infinite Blades"],"picked":"Cloak And Dagger","floor":1.0},{"not_picked":["Setup","Bane"],"picked":"Blade Dance","floor":3.0},{"not_picked":["Blade Dance","Flying Knee"],"picked":"Finisher","floor":4.0},{"not_picked":["Blur","Slice"],"picked":"Cloak And Dagger","floor":5.0},{"not_picked":["Escape Plan","Flechettes"],"picked":"Footwork","floor":6.0},{"not_picked":["Flying Knee+1","Bane+1"],"picked":"Masterful Stab+1","floor":8.0},{"not_picked":["Bane+1","Outmaneuver","Blade Dance"],"picked":"SKIP","floor":11.0},{"not_picked":["Setup","Blade Dance","Well Laid Plans"],"picked":"SKIP","floor":13.0},{"not_picked":["Dagger Throw+1","Catalyst"],"picked":"Sucker Punch+1","floor":14.0},{"not_picked":["Phantasmal Killer","Tools of the Trade"],"picked":"A Thousand Cuts","floor":16.0},{"not_picked":["Flying Knee+1","Catalyst","Distraction"],"picked":"SKIP","floor":18.0},{"not_picked":["PiercingWail","Cloak And Dagger"],"picked":"Terror","floor":20.0},{"not_picked":["Underhanded Strike+1","Slice+1"],"picked":"Corpse Explosion","floor":22.0},{"not_picked":["Expertise+1","Eviscerate+1"],"picked":"Noxious Fumes","floor":27.0},{"not_picked":["Deadly Poison","Footwork"],"picked":"Dodge and Roll","floor":29.0},{"not_picked":["Deadly Poison+1","Prepared"],"picked":"Calculated Gamble","floor":30.0},{"not_picked":["Bullet Time","Corpse Explosion"],"picked":"Venomology","floor":33.0},{"not_picked":["Quick Slash+1","Flying Knee+1","Dagger Spray+1"],"picked":"SKIP","floor":35.0},{"not_picked":["Dagger Spray+1","Corpse Explosion","Slice+1"],"picked":"SKIP","floor":36.0},{"not_picked":["Setup","Distraction+1","Tactician"],"picked":"SKIP","floor":38.0},{"not_picked":["Bouncing Flask","Distraction","Underhanded Strike+1"],"picked":"SKIP","floor":45.0},{"not_picked":["Escape Plan","Caltrops"],"picked":"Dodge and Roll","floor":46.0},{"not_picked":["Sucker Punch+1","Dagger Spray+1","Blade Dance"],"picked":"SKIP","floor":47.0}],"player_experience":310547,"relics_obtained":[{"floor":6.0,"key":"Snake Skull"},{"floor":8.0,"key":"Molten Egg 2"},{"floor":9.0,"key":"Centennial Puzzle"},{"floor":26.0,"key":"Kunai"},{"floor":27.0,"key":"Akabeko"},{"floor":43.0,"key":"Toy Ornithopter"},{"floor":45.0,"key":"Torii"},{"floor":47.0,"key":"Bronze Scales"}],"event_choices":[{"damage_healed":0.0,"max_hp_gain":0.0,"max_hp_loss":0.0,"gold_gain":0.0,"event_name":"World of Goop","player_choice":"Left Gold","floor":2.0,"gold_loss":28.0,"damage_taken":0.0},{"damage_healed":0.0,"max_hp_gain":0.0,"max_hp_loss":0.0,"gold_gain":0.0,"event_name":"Lab","player_choice":"Got Potions","floor":10.0,"gold_loss":0.0,"damage_taken":0.0},{"damage_healed":0.0,"max_hp_gain":0.0,"max_hp_loss":0.0,"gold_gain":0.0,"event_name":"The Library","player_choice":"Read","floor":19.0,"gold_loss":0.0,"damage_taken":0.0,"cards_obtained":["Cloak And Dagger"]},{"damage_healed":0.0,"max_hp_gain":0.0,"max_hp_loss":0.0,"gold_gain":0.0,"event_name":"Duplicator","player_choice":"Copied","floor":21.0,"gold_loss":0.0,"damage_taken":0.0,"cards_obtained":["Footwork"]},{"damage_healed":0.0,"max_hp_gain":0.0,"max_hp_loss":0.0,"gold_gain":0.0,"event_name":"Ghosts","player_choice":"Ignored","floor":31.0,"gold_loss":0.0,"damage_taken":0.0},{"damage_healed":0.0,"max_hp_gain":0.0,"max_hp_loss":0.0,"gold_gain":0.0,"event_name":"Mysterious Sphere","player_choice":"Ignored","floor":41.0,"gold_loss":0.0,"damage_taken":0.0},{"damage_healed":0.0,"max_hp_gain":0.0,"max_hp_loss":0.0,"gold_gain":0.0,"event_name":"Tomb of Lord Red Mask","player_choice":"Paid","floor":44.0,"gold_loss":26.0,"damage_taken":0.0,"relics_obtained":["Red Mask"]}],"is_beta":false,"boss_relics":[{"not_picked":["Snecko Eye","Pandora\u0027s Box"],"picked":"WristBlade"},{"not_picked":["Sozu","Empty Cage"],"picked":"Astrolabe"}],"items_purged_floors":[],"is_endless":false,"potions_floor_spawned":[4,6,14,16,22,29,33,36,38,45],"killed_by":"Maw","ascension_level":12}