{"gold_per_floor":[115,40,57,232,15,15,15,15,15,15,29,29,42,42,42,163,163,177,177,177,28,127,127,127],"floor_reached":24,"playtime":736,"items_purged":["Defend_G"],"score":288,"play_id":"aa9e4114-af14-4610-baf4-dd6977447804","local_time":"20200309181552","is_ascension_mode":true,"campfire_choices":[{"data":"Cloak And Dagger","floor":6,"key":"SMITH"},{"data":"Neutralize","floor":8,"key":"SMITH"},{"data":"Backflip","floor":12,"key":"SMITH"},{"data":"Cloak And Dagger","floor":15,"key":"SMITH"},{"floor":23,"key":"REST"}],"neow_cost":"NONE","seed_source_timestamp":29458498162400,"circlet_count":0,"master_deck":["AscendersBane","Strike_G","Strike_G","Strike_G","Strike_G","Strike_G","Defend_G","Defend_G","Defend_G","Defend_G","Survivor","Neutralize+1","Backflip+1","Poisoned Stab","Cloak And Dagger+1","Dagger Throw","Cloak And Dagger+1","Envenom","CurseOfTheBell","Catalyst","Cloak And Dagger","Infinite Blades","Choke","Riddle With Holes"],"relics":["Ring of the Snake","Pen Nib","Medical Kit","Bottled Lightning","Golden Idol","Calling Bell","InkBottle","Calipers","Dream Catcher"],"potions_floor_usage":[18,24],"damage_taken":[{"damage":0,"enemies":"Cultist","floor":1,"turns":4},{"damage":2,"enemies":"Small Slimes","floor":3,"turns":4},{"damage":0,"enemies":"2 Louse","floor":11,"turns":2},{"damage":4,"enemies":"2 Fungi Beasts","floor":13,"turns":3},{"damage":23,"enemies":"Hexaghost","floor":16,"turns":15},{"damage":16,"enemies":"Shell Parasite","floor":18,"turns":10},{"damage":81,"enemies":"Gremlin Leader","floor":24,"turns":10}],"seed_played":"7881380552855376997","potions_obtained":[{"floor":1,"key":"EssenceOfSteel"},{"floor":11,"key":"SpeedPotion"},{"floor":18,"key":"AttackPotion"}],"is_trial":false,"path_per_floor":["M","$","M","?","$","R","$","R","T","?","M","R","M","?","R","B",null,"M","?","?","$","?","R","E"],"character_chosen":"THE_SILENT","items_purchased":["Cloak And Dagger","Medical Kit","Dagger Throw","Cloak And Dagger","Infinite Blades","Choke"],"campfire_rested":1,"item_purchase_floors":[5,5,5,21,21,21],"current_hp_per_floor":[63,63,61,61,61,61,61,61,61,61,61,61,57,57,57,34,57,41,41,41,41,41,60,0],"gold":127,"neow_bonus":"RANDOM_COMMON_RELIC","is_prod":false,"is_daily":false,"chose_seed":false,"campfire_upgraded":4,"win_rate":0,"timestamp":1583759752,"path_taken":["M","?","?","?","$","R","$","R","T","?","M","R","M","?","R","BOSS","M","?","?","$","?","R","E"],"build_version":"2020-01-14","purchased_purges":1,"victory":false,"max_hp_per_floor":[70,70,70,70,70,70,70,70,70,70,70,70,70,65,65,65,65,65,65,65,65,65,65,65],"card_choices":[{"not_picked":["Noxious Fumes","Sucker Punch"],"picked":"Backflip","floor":1},{"not_picked":["Well Laid Plans","Outmaneuver"],"picked":"Poisoned Stab","floor":3},{"not_picked":["Dagger Spray","Heel Hook","Skewer"],"picked":"SKIP","floor":11},{"not_picked":["Masterful Stab","Prepared"],"picked":"Cloak And Dagger","floor":13},{"not_picked":["Doppelganger","Venomology"],"picked":"Envenom","floor":16},{"not_picked":["Sucker Punch","Deadly Poison"],"picked":"Catalyst","floor":18},{"not_picked":["Heel Hook","Expertise"],"picked":"Riddle With Holes","floor":23}],"player_experience":318498,"relics_obtained":[{"floor":9,"key":"Bottled Lightning"},{"floor":17,"key":"InkBottle"},{"floor":17,"key":"Calipers"},{"floor":17,"key":"Dream Catcher"}],"event_choices":[{"damage_healed":0,"gold_gain":175,"player_choice":"AGREE","damage_taken":0,"max_hp_gain":0,"max_hp_loss":0,"event_name":"Liars Game","floor":4,"gold_loss":0,"cards_obtained":["Doubt"]},{"cards_removed":["Doubt"],"damage_healed":0,"gold_gain":0,"player_choice":"Forget","damage_taken":0,"max_hp_gain":0,"max_hp_loss":0,"event_name":"Living Wall","floor":10,"gold_loss":0},{"damage_healed":0,"gold_gain":0,"player_choice":"Lose Max HP","damage_taken":0,"relics_obtained":["Golden Idol"],"max_hp_gain":0,"max_hp_loss":5,"event_name":"Golden Idol","floor":14,"gold_loss":0},{"damage_healed":0,"gold_gain":0,"player_choice":"Ignored","damage_taken":0,"max_hp_gain":0,"max_hp_loss":0,"event_name":"Vampires","floor":19,"gold_loss":0},{"damage_healed":0,"gold_gain":0,"player_choice":"Ignored","damage_taken":0,"max_hp_gain":0,"max_hp_loss":0,"event_name":"Beggar","floor":20,"gold_loss":0},{"damage_healed":0,"gold_gain":99,"player_choice":"Stole From Cult","damage_taken":0,"max_hp_gain":0,"max_hp_loss":0,"event_name":"Nest","floor":22,"gold_loss":0}],"is_beta":false,"boss_relics":[{"not_picked":["SacredBark","Velvet Choker"],"picked":"Calling Bell"}],"items_purged_floors":[2],"is_endless":false,"potions_floor_spawned":[1,11,18],"killed_by":"Gremlin Leader","ascension_level":12}