{"gold_per_floor":[110,110,128,203,215,249,249,249,249,266,266,277,289,289,289,389,389,407,407,294,219,219,219,249,262,262,262,262,262],"floor_reached":29,"playtime":661,"items_purged":["Defend_G"],"score":386,"play_id":"bcbd3246-f3d5-4447-948e-0a20072c3942","local_time":"20200302213111","is_ascension_mode":true,"campfire_choices":[{"floor":8,"key":"REST"},{"data":"Neutralize","floor":11,"key":"SMITH"},{"data":"Dagger Spray","floor":15,"key":"SMITH"},{"data":"Calculated Gamble","floor":23,"key":"SMITH"},{"floor":28,"key":"REST"}],"neow_cost":"NONE","seed_source_timestamp":24516088821900,"circlet_count":0,"master_deck":["AscendersBane","Strike_G","Strike_G","Strike_G","Strike_G","Defend_G","Defend_G","Defend_G","Survivor","Neutralize+1","Bane","Dagger Spray+1","Cloak And Dagger","Cloak And Dagger","After Image","Backflip","Footwork","Calculated Gamble+1","Catalyst","Dagger Throw"],"relics":["Ring of the Snake","NeowsBlessing","Tingsha","Darkstone Periapt","WristBlade","Centennial Puzzle","Ice Cream"],"potions_floor_usage":[6,16,18,18],"damage_taken":[{"damage":0,"enemies":"2 Louse","floor":1,"turns":1},{"damage":0,"enemies":"Jaw Worm","floor":3,"turns":1},{"damage":0,"enemies":"Cultist","floor":5,"turns":1},{"damage":45,"enemies":"Lagavulin","floor":6,"turns":7},{"damage":1,"enemies":"2 Fungi Beasts","floor":10,"turns":4},{"damage":0,"enemies":"Looter","floor":12,"turns":4},{"damage":3,"enemies":"Exordium Wildlife","floor":13,"turns":3},{"damage":16,"enemies":"The Guardian","floor":16,"turns":14},{"damage":11,"enemies":"2 Thieves","floor":18,"turns":3},{"damage":37,"enemies":"Book of Stabbing","floor":24,"turns":9},{"damage":0,"enemies":"Chosen","floor":25,"turns":6},{"damage":0,"enemies":"Centurion and Healer","floor":29,"turns":1}],"seed_played":"7814947200775817308","potions_obtained":[{"floor":5,"key":"PowerPotion"},{"floor":6,"key":"CultistPotion"},{"floor":10,"key":"DuplicationPotion"},{"floor":16,"key":"Explosive Potion"},{"floor":25,"key":"SpeedPotion"}],"is_trial":false,"path_per_floor":["M","?","M","?","M","E","?","R","T","M","R","M","M","?","R","B",null,"M","?","$","?","?","R","E","M","T","?","R","M"],"character_chosen":"THE_SILENT","items_purchased":["Footwork"],"campfire_rested":2,"item_purchase_floors":[20],"current_hp_per_floor":[63,56,56,49,49,4,4,25,25,24,24,24,21,21,21,5,54,43,43,43,43,43,43,6,6,6,6,27,27],"gold":262,"neow_bonus":"THREE_ENEMY_KILL","is_prod":false,"is_daily":false,"chose_seed":false,"campfire_upgraded":3,"win_rate":0,"timestamp":1583166671,"path_taken":["M","?","M","?","?","E","?","R","T","M","R","M","M","?","R","BOSS","M","?","$","?","?","R","E","?","T","?","R","M"],"build_version":"2020-01-14","purchased_purges":1,"victory":false,"max_hp_per_floor":[70,70,70,70,70,70,70,70,70,70,70,70,70,70,70,70,70,70,70,70,70,70,70,70,70,70,70,70,70],"card_choices":[{"not_picked":["Reflex","Finisher"],"picked":"Bane","floor":1},{"not_picked":["Masterful Stab","Flechettes","Flying Knee"],"picked":"SKIP","floor":3},{"not_picked":["Underhanded Strike","Deflect"],"picked":"Dagger Spray","floor":5},{"not_picked":["Acrobatics","Infinite Blades"],"picked":"Cloak And Dagger","floor":6},{"not_picked":["Dodge and Roll","Sucker Punch","Prepared"],"picked":"SKIP","floor":10},{"not_picked":["Dagger Spray","Underhanded Strike","Setup"],"picked":"SKIP","floor":12},{"not_picked":["Escape Plan","Sucker Punch"],"picked":"Cloak And Dagger","floor":13},{"not_picked":["Tools of the Trade","Corpse Explosion"],"picked":"After Image","floor":16},{"not_picked":["Sucker Punch","Underhanded Strike"],"picked":"Backflip","floor":18},{"not_picked":["Deflect","Sucker Punch"],"picked":"Catalyst","floor":24},{"not_picked":["Backflip","Dash"],"picked":"Dagger Throw","floor":25}],"player_experience":313586,"relics_obtained":[{"floor":6,"key":"Tingsha"},{"floor":9,"key":"Darkstone Periapt"},{"floor":24,"key":"Centennial Puzzle"},{"floor":26,"key":"Ice Cream"}],"event_choices":[{"cards_removed":["Strike_G"],"damage_healed":0,"gold_gain":0,"player_choice":"Card Removal","damage_taken":7,"max_hp_gain":0,"max_hp_loss":0,"event_name":"Golden Wing","floor":2,"gold_loss":0},{"damage_healed":0,"gold_gain":75,"player_choice":"Touch","damage_taken":7,"max_hp_gain":0,"max_hp_loss":0,"event_name":"FaceTrader","floor":4,"gold_loss":0},{"damage_healed":0,"gold_gain":0,"player_choice":"Fled","damage_taken":0,"max_hp_gain":0,"max_hp_loss":0,"event_name":"Scrap Ooze","floor":7,"gold_loss":0},{"damage_healed":0,"gold_gain":0,"player_choice":"Searched \u00271\u0027 times","damage_taken":0,"max_hp_gain":0,"max_hp_loss":0,"event_name":"Dead Adventurer","floor":14,"gold_loss":0},{"damage_healed":0,"gold_gain":0,"player_choice":"Ignored","damage_taken":0,"max_hp_gain":0,"max_hp_loss":0,"event_name":"Vampires","floor":19,"gold_loss":0},{"cards_removed":["Defend_G"],"damage_healed":0,"gold_gain":0,"player_choice":"Gave Gold","damage_taken":0,"max_hp_gain":0,"max_hp_loss":0,"event_name":"Beggar","floor":21,"gold_loss":75},{"damage_healed":0,"gold_gain":0,"player_choice":"Read","damage_taken":0,"max_hp_gain":0,"max_hp_loss":0,"event_name":"The Library","floor":22,"gold_loss":0,"cards_obtained":["Calculated Gamble"]},{"damage_healed":0,"gold_gain":0,"player_choice":"0 cards matched","damage_taken":0,"max_hp_gain":0,"max_hp_loss":0,"event_name":"Match and Keep!","floor":27,"gold_loss":0,"cards_obtained":[]}],"is_beta":false,"boss_relics":[{"not_picked":["Ectoplasm","Coffee Dripper"],"picked":"WristBlade"}],"items_purged_floors":[20],"is_endless":false,"potions_floor_spawned":[5,6,10,16,25],"killed_by":"Centurion and Healer","ascension_level":12}