{"gold_per_floor":[118,118,1,20,40,40,67,67,67,67,80,96,96,112,112,210,210,220,240,258,258,183,183,83,83,158,158,169,185,185,27,27,128,128,146,157,157,1,11,11,21,75,75,75,75,87,102,0,0,0],"floor_reached":50,"playtime":1819,"items_purged":["Strike_G","Strike_G"],"score":710,"play_id":"c57daffc-5a5a-48cb-a683-8f0f0ec9a55f","local_time":"20200303104253","is_ascension_mode":true,"campfire_choices":[{"data":"Neutralize","floor":6.0,"key":"SMITH"},{"data":"Deadly Poison","floor":8.0,"key":"SMITH"},{"data":"Burst","floor":13.0,"key":"SMITH"},{"data":"Bane","floor":15.0,"key":"SMITH"},{"data":"Blur","floor":23.0,"key":"SMITH"},{"data":"Backflip","floor":25.0,"key":"SMITH"},{"data":"Terror","floor":27.0,"key":"SMITH"},{"floor":30.0,"key":"REST"},{"data":"Night Terror","floor":32.0,"key":"SMITH"},{"floor":40.0,"key":"REST"},{"data":"Noxious Fumes","floor":45.0,"key":"SMITH"},{"data":"Bullet Time","floor":49.0,"key":"SMITH"}],"neow_cost":"NONE","seed_source_timestamp":2052696119200,"circlet_count":0,"master_deck":["AscendersBane","Strike_G","Strike_G","Defend_G","Defend_G","Defend_G","Defend_G","Survivor","Neutralize+1","Escape Plan","Deadly Poison+1","Blur+1","Bane+1","Backflip+1","Burst+1","PiercingWail","Escape Plan","Doppelganger","Terror+1","Dodge and Roll","Night Terror+1","Noxious Fumes+1","Bandage Up","Bullet Time+1","Predator+1","Deadly Poison+1","Shame","Parasite","Backflip+1"],"special_seed":0,"relics":["Ring of the Snake","NeowsBlessing","Bottled Lightning","Matryoshka","Sozu","Gremlin Horn","White Beast Statue","Cursed Key","TwistedFunnel","Akabeko","PreservedInsect","Pantograph","Red Mask"],"potions_floor_usage":[50],"damage_taken":[{"damage":0.0,"enemies":"Jaw Worm","floor":1.0,"turns":1.0},{"damage":0.0,"enemies":"Cultist","floor":4.0,"turns":1.0},{"damage":0.0,"enemies":"Small Slimes","floor":5.0,"turns":1.0},{"damage":16.0,"enemies":"3 Sentries","floor":7.0,"turns":12.0},{"damage":5.0,"enemies":"Exordium Thugs","floor":11.0,"turns":5.0},{"damage":2.0,"enemies":"Large Slime","floor":12.0,"turns":7.0},{"damage":1.0,"enemies":"Exordium Wildlife","floor":14.0,"turns":4.0},{"damage":3.0,"enemies":"Hexaghost","floor":16.0,"turns":10.0},{"damage":0.0,"enemies":"Shell Parasite","floor":18.0,"turns":4.0},{"damage":5.0,"enemies":"Chosen","floor":19.0,"turns":6.0},{"damage":0.0,"enemies":"Centurion and Healer","floor":20.0,"turns":7.0},{"damage":40.0,"enemies":"Cultist and Chosen","floor":28.0,"turns":11.0},{"damage":7.0,"enemies":"Snecko","floor":29.0,"turns":7.0},{"damage":19.0,"enemies":"Collector","floor":33.0,"turns":9.0},{"damage":11.0,"enemies":"Orb Walker","floor":35.0,"turns":4.0},{"damage":25.0,"enemies":"3 Darklings","floor":36.0,"turns":5.0},{"damage":26.0,"enemies":"4 Shapes","floor":39.0,"turns":8.0},{"damage":23.0,"enemies":"Spire Growth","floor":41.0,"turns":4.0},{"damage":9.0,"enemies":"3 Darklings","floor":46.0,"turns":6.0},{"damage":3.0,"enemies":"Sphere and 2 Shapes","floor":47.0,"turns":5.0},{"damage":82,"enemies":"Donu and Deca","floor":50,"turns":6}],"seed_played":"-3893146731224161522","potions_obtained":[{"floor":5.0,"key":"GamblersBrew"},{"floor":11.0,"key":"Regen Potion"}],"is_trial":false,"path_per_floor":["M","?","$","M","M","R","E","R","T","?","M","M","R","M","R","B",null,"M","M","M","?","$","R","$","R","T","R","M","M","R","$","R","B",null,"M","M","?","$","M","R","M","T","T","?","R","M","M","?","R","B"],"character_chosen":"THE_SILENT","items_purchased":["Deadly Poison","Blur","Noxious Fumes","Bandage Up","TwistedFunnel"],"campfire_rested":2,"item_purchase_floors":[3,3,31,31,38],"current_hp_per_floor":[63,63,63,63,63,63,47,47,47,47,42,40,40,39,39,36,62,62,57,57,57,57,57,57,57,57,57,17,10,31,31,31,16,57,66,45,45,45,19,38,19,19,19,58,58,49,50,50,50,0],"gold":0,"neow_bonus":"THREE_ENEMY_KILL","is_prod":false,"is_daily":false,"chose_seed":false,"campfire_upgraded":10,"win_rate":0,"timestamp":1583214173,"path_taken":["M","?","?","M","?","R","E","R","T","?","M","M","R","M","R","BOSS","M","?","?","?","$","R","$","R","T","R","?","M","R","?","R","BOSS","M","M","?","$","M","R","M","?","T","?","R","M","M","?","R","BOSS"],"build_version":"2020-01-14","purchased_purges":2,"victory":false,"max_hp_per_floor":[70,70,70,70,70,70,70,70,70,70,70,70,70,70,70,70,70,70,70,70,70,70,70,70,70,70,70,70,70,70,70,70,70,70,70,70,66,66,66,66,66,66,66,58,58,58,58,58,58,58],"card_choices":[{"not_picked":["Dagger Spray","Heel Hook"],"picked":"Escape Plan","floor":1.0},{"not_picked":["Acrobatics","Flying Knee"],"picked":"Bane","floor":4.0},{"not_picked":["Reflex","Finisher"],"picked":"Backflip","floor":5.0},{"not_picked":["Backstab","Finisher","Concentrate"],"picked":"SKIP","floor":7.0},{"not_picked":["Underhanded Strike","Blade Dance"],"picked":"Burst","floor":11.0},{"not_picked":["Skewer","Dagger Spray"],"picked":"PiercingWail","floor":12.0},{"not_picked":["Slice","Predator"],"picked":"Escape Plan","floor":14.0},{"not_picked":["Wraith Form v2","Phantasmal Killer"],"picked":"Doppelganger","floor":16.0},{"not_picked":["Poisoned Stab","Flechettes"],"picked":"Terror","floor":18.0},{"not_picked":["PiercingWail","Dagger Spray","Flechettes"],"picked":"SKIP","floor":19.0},{"not_picked":["Blade Dance","Well Laid Plans","Prepared"],"picked":"SKIP","floor":20.0},{"not_picked":["Acrobatics","All Out Attack+1"],"picked":"Night Terror","floor":28.0},{"not_picked":["Choke+1","Quick Slash+1","Poisoned Stab+1"],"picked":"SKIP","floor":29.0},{"not_picked":["Envenom","Storm of Steel"],"picked":"Bullet Time","floor":33.0},{"not_picked":["Dodge and Roll","Distraction"],"picked":"Predator+1","floor":35.0},{"not_picked":["Prepared","Dagger Spray","PiercingWail"],"picked":"SKIP","floor":36.0},{"not_picked":["Dash","Outmaneuver"],"picked":"Deadly Poison+1","floor":39.0},{"not_picked":["Backstab","Slice+1","Caltrops+1"],"picked":"SKIP","floor":41.0},{"not_picked":["Prepared+1","Deflect"],"picked":"Backflip+1","floor":46.0},{"not_picked":["Endless Agony","Masterful Stab","Deflect"],"picked":"SKIP","floor":47.0}],"player_experience":314247,"relics_obtained":[{"floor":7.0,"key":"Bottled Lightning"},{"floor":9.0,"key":"Matryoshka"},{"floor":26.0,"key":"Gremlin Horn"},{"floor":26.0,"key":"White Beast Statue"},{"floor":42.0,"key":"Akabeko"},{"floor":42.0,"key":"PreservedInsect"},{"floor":43.0,"key":"Pantograph"}],"event_choices":[{"cards_removed":["Defend_G"],"damage_healed":0.0,"max_hp_gain":0.0,"max_hp_loss":0.0,"gold_gain":0.0,"event_name":"Purifier","player_choice":"Purged","floor":2.0,"gold_loss":0.0,"damage_taken":0.0},{"cards_removed":["Strike_G"],"damage_healed":0.0,"max_hp_gain":0.0,"max_hp_loss":0.0,"gold_gain":0.0,"event_name":"Bonfire Elementals","player_choice":"Offered Basic","floor":10.0,"gold_loss":0.0,"damage_taken":0.0},{"damage_healed":0.0,"max_hp_gain":0.0,"max_hp_loss":0.0,"gold_gain":0.0,"event_name":"Match and Keep!","player_choice":"1 cards matched","floor":21.0,"gold_loss":0.0,"damage_taken":0.0,"cards_obtained":["Dodge and Roll"]},{"damage_healed":0.0,"max_hp_gain":0.0,"max_hp_loss":4.0,"gold_gain":0.0,"event_name":"Winding Halls","player_choice":"Max HP","floor":37.0,"gold_loss":0.0,"damage_taken":0.0},{"damage_healed":58.0,"max_hp_gain":0.0,"max_hp_loss":8.0,"gold_gain":0.0,"event_name":"The Moai Head","player_choice":"Heal","floor":44.0,"gold_loss":0.0,"damage_taken":0.0},{"damage_healed":0.0,"max_hp_gain":0.0,"max_hp_loss":0.0,"gold_gain":0.0,"event_name":"Tomb of Lord Red Mask","player_choice":"Paid","floor":48.0,"gold_loss":102.0,"damage_taken":0.0,"relics_obtained":["Red Mask"]}],"is_beta":false,"boss_relics":[{"not_picked":["Runic Pyramid","Tiny House"],"picked":"Sozu"},{"not_picked":["Coffee Dripper","Ring of the Serpent"],"picked":"Cursed Key"}],"items_purged_floors":[22,24],"is_endless":false,"potions_floor_spawned":[5,11,14,19,28,29,33,35,36,39,41,46,47],"killed_by":"Donu and Deca","ascension_level":12}