{"gold_per_floor":[12,24,24,24,24,24,55,55,82,115,133,7,32,7,7,138,138,154,170,170,238,238,238,268,281,281,281,114,126,139,159,159,255,255,275,325,325,182,192,192,223,223,223,223,233,245,245,245,245,245],"floor_reached":51,"playtime":1874,"items_purged":["Defend_G"],"score":1225,"play_id":"a8cbcacf-ac60-4e5c-9266-75d8b8c5e1fb","local_time":"20200317104638","is_ascension_mode":true,"campfire_choices":[{"data":"A Thousand Cuts","floor":6,"key":"SMITH"},{"data":"Cloak And Dagger","floor":8,"key":"SMITH"},{"data":"Neutralize","floor":15,"key":"SMITH"},{"floor":23,"key":"REST"},{"data":"After Image","floor":27,"key":"SMITH"},{"data":"Deflect","floor":32,"key":"SMITH"},{"data":"A Thousand Cuts","floor":40,"key":"SMITH"},{"data":"Sucker Punch","floor":42,"key":"SMITH"},{"data":"Flechettes","floor":44,"key":"SMITH"},{"data":"Infinite Blades","floor":49,"key":"SMITH"}],"neow_cost":"NO_GOLD","seed_source_timestamp":8314529752200,"circlet_count":0,"master_deck":["AscendersBane","Strike_G","Strike_G","Strike_G","Strike_G","Defend_G","Defend_G","Survivor","Neutralize+1","A Thousand Cuts+1","Flechettes+1","Cloak And Dagger+1","Deflect+1","Endless Agony","Cloak And Dagger+1","Slice","Backflip+1","Infinite Blades+1","Acrobatics+1","Cloak And Dagger+1","Sucker Punch+1","After Image+1","Backflip+1","Flash of Steel","Deflect+1","A Thousand Cuts+1","Cloak And Dagger+1"],"relics":["Ring of the Snake","Toxic Egg 2","Bloody Idol","Tiny Chest","Boot","Happy Flower","Sozu","Gremlin Horn","Turnip","Torii","Busted Crown","Incense Burner","Kunai","Medical Kit","Orichalcum","Bottled Tornado","Tough Bandages"],"potions_floor_usage":[10,50,50],"damage_taken":[{"damage":2,"enemies":"2 Louse","floor":1,"turns":2},{"damage":7,"enemies":"Jaw Worm","floor":2,"turns":4},{"damage":15,"enemies":"Gremlin Nob","floor":7,"turns":4},{"damage":1,"enemies":"3 Sentries","floor":10,"turns":3},{"damage":0,"enemies":"Small Slimes","floor":11,"turns":3},{"damage":2,"enemies":"Blue Slaver","floor":13,"turns":3},{"damage":21,"enemies":"Hexaghost","floor":16,"turns":9},{"damage":15,"enemies":"Shell Parasite","floor":18,"turns":4},{"damage":7,"enemies":"2 Thieves","floor":19,"turns":4},{"damage":0,"enemies":"Gremlin Leader","floor":24,"turns":4},{"damage":7,"enemies":"Snake Plant","floor":25,"turns":4},{"damage":0,"enemies":"3 Cultists","floor":29,"turns":3},{"damage":0,"enemies":"Centurion and Healer","floor":30,"turns":4},{"damage":11,"enemies":"Sentry and Sphere","floor":31,"turns":4},{"damage":8,"enemies":"Champ","floor":33,"turns":11},{"damage":0,"enemies":"3 Darklings","floor":35,"turns":3},{"damage":1,"enemies":"Mind Bloom Boss Battle","floor":36,"turns":6},{"damage":0,"enemies":"3 Shapes","floor":39,"turns":4},{"damage":0,"enemies":"Reptomancer","floor":41,"turns":5},{"damage":2,"enemies":"Jaw Worm Horde","floor":45,"turns":3},{"damage":0,"enemies":"Sphere and 2 Shapes","floor":46,"turns":3},{"damage":1,"enemies":"Donu and Deca","floor":50,"turns":7}],"seed_played":"1521703608584885884","potions_obtained":[{"floor":2,"key":"Block Potion"},{"floor":10,"key":"DuplicationPotion"},{"floor":16,"key":"PowerPotion"}],"is_trial":false,"path_per_floor":["M","M","?","?","?","R","E","R","T","E","M","$","M","$","R","B",null,"M","M","?","T","?","R","E","M","T","R","$","M","M","M","R","B",null,"M","?","T","$","M","R","E","R","T","R","M","M","T","?","R","B",null],"character_chosen":"THE_SILENT","items_purchased":["Infinite Blades","Acrobatics+1","Sucker Punch","Flash of Steel","Medical Kit"],"campfire_rested":1,"item_purchase_floors":[12,12,14,28,38],"current_hp_per_floor":[61,54,54,54,54,54,39,39,39,38,38,38,36,36,36,15,53,38,31,31,36,36,55,60,58,58,58,58,63,65,59,59,56,63,65,65,65,65,65,65,65,65,65,65,65,65,65,62,62,61],"gold":245,"neow_bonus":"TRANSFORM_TWO_CARDS","is_prod":false,"is_daily":false,"chose_seed":false,"campfire_upgraded":9,"win_rate":0,"timestamp":1584423998,"path_taken":["M","M","?","?","?","R","E","R","T","E","M","?","M","?","R","BOSS","M","M","?","?","?","R","E","M","T","R","$","?","M","M","R","BOSS","M","?","?","?","?","R","E","R","T","R","M","?","?","?","R","BOSS"],"build_version":"2020-01-14","purchased_purges":1,"victory":true,"max_hp_per_floor":[70,70,70,70,65,65,65,65,65,65,65,65,65,65,65,65,65,65,65,65,65,65,65,65,65,65,65,65,65,65,65,65,65,65,65,65,65,65,65,65,65,65,65,65,65,65,65,62,62,62],"card_choices":[{"not_picked":["Bane","Deflect"],"picked":"Cloak And Dagger","floor":1},{"not_picked":["Tactician","Sucker Punch"],"picked":"Deflect","floor":2},{"not_picked":["Riddle With Holes","Eviscerate"],"picked":"Cloak And Dagger+1","floor":7},{"not_picked":["Deadly Poison+1","PiercingWail+1"],"picked":"Slice","floor":10},{"not_picked":["Choke","Riddle With Holes"],"picked":"Backflip+1","floor":11},{"not_picked":["Dagger Throw","Dagger Spray"],"picked":"Cloak And Dagger+1","floor":13},{"not_picked":["Wraith Form v2","Burst+1"],"picked":"After Image","floor":16},{"not_picked":["Quick Slash","Choke","Dagger Spray"],"picked":"SKIP","floor":18},{"not_picked":["Skewer","Slice"],"picked":"Backflip+1","floor":19},{"not_picked":["All Out Attack","Finisher","Backflip+1"],"picked":"SKIP","floor":24},{"not_picked":["Infinite Blades","Backstab","Underhanded Strike"],"picked":"SKIP","floor":25},{"not_picked":["Dodge and Roll+1","Phantasmal Killer+1","Outmaneuver+1"],"picked":"SKIP","floor":29},{"not_picked":["Heel Hook","Crippling Poison+1"],"picked":"Deflect+1","floor":30},{"not_picked":["Dagger Throw","Noxious Fumes","Leg Sweep+1"],"picked":"SKIP","floor":31},{"not_picked":["Grand Finale","Corpse Explosion+1"],"picked":"A Thousand Cuts","floor":33},{"not_picked":["Dash"],"picked":"SKIP","floor":35},{"not_picked":["Bouncing Flask+1"],"picked":"SKIP","floor":39},{"not_picked":[],"picked":"Cloak And Dagger+1","floor":41},{"not_picked":["Dagger Throw"],"picked":"SKIP","floor":45},{"not_picked":["Dagger Spray"],"picked":"SKIP","floor":46}],"player_experience":323642,"relics_obtained":[{"floor":7,"key":"Tiny Chest"},{"floor":9,"key":"Boot"},{"floor":10,"key":"Happy Flower"},{"floor":21,"key":"Gremlin Horn"},{"floor":24,"key":"Turnip"},{"floor":26,"key":"Torii"},{"floor":36,"key":"Incense Burner"},{"floor":37,"key":"Kunai"},{"floor":41,"key":"Orichalcum"},{"floor":43,"key":"Bottled Tornado"},{"floor":47,"key":"Tough Bandages"}],"event_choices":[{"damage_healed":0,"gold_gain":0,"cards_transformed":["Strike_G"],"player_choice":"Change","damage_taken":0,"max_hp_gain":0,"max_hp_loss":0,"event_name":"Living Wall","floor":3,"gold_loss":0,"cards_obtained":["Endless Agony"]},{"damage_healed":0,"gold_gain":0,"player_choice":"Box","damage_taken":0,"relics_obtained":["Toxic Egg 2"],"max_hp_gain":0,"max_hp_loss":0,"event_name":"Big Fish","floor":4,"gold_loss":0,"cards_obtained":["Regret"]},{"damage_healed":0,"gold_gain":0,"player_choice":"Lose Max HP","damage_taken":0,"relics_obtained":["Golden Idol"],"max_hp_gain":0,"max_hp_loss":5,"event_name":"Golden Idol","floor":5,"gold_loss":0},{"damage_healed":0,"gold_gain":0,"player_choice":"Gave Idol","damage_taken":0,"relics_obtained":["Bloody Idol"],"max_hp_gain":0,"max_hp_loss":0,"event_name":"Forgotten Altar","floor":20,"relics_lost":["Golden Idol"],"gold_loss":0},{"cards_removed":["Regret"],"damage_healed":0,"gold_gain":0,"player_choice":"Card Removal","damage_taken":0,"max_hp_gain":0,"max_hp_loss":0,"event_name":"Wheel of Change","floor":22,"gold_loss":0},{"damage_healed":0,"gold_gain":0,"player_choice":"Fight","damage_taken":0,"max_hp_gain":0,"max_hp_loss":0,"event_name":"MindBloom","floor":36,"gold_loss":0},{"damage_healed":0,"gold_gain":0,"player_choice":"Max HP","damage_taken":0,"max_hp_gain":0,"max_hp_loss":3,"event_name":"Winding Halls","floor":48,"gold_loss":0}],"is_beta":false,"boss_relics":[{"not_picked":["Velvet Choker","Tiny House"],"picked":"Sozu"},{"not_picked":["Coffee Dripper","Runic Pyramid"],"picked":"Busted Crown"}],"items_purged_floors":[28],"is_endless":false,"potions_floor_spawned":[2,10,16,18,19,30,33,36,46],"ascension_level":12}