{"gold_per_floor":[112,112,32,32,50,50,75,85,85,260,40,40,51,69,69,166,166,179,179,213,213,229,229,244,276,276,276,291,390,410,510,510,611,611,627,1626,1626,1639,1658,1658,1675,1585,1609,1609,1080,1080,1096,1114,1114,1114],"floor_reached":51,"playtime":1920,"items_purged":["Defend_R"],"score":892,"play_id":"29beb093-9ce1-4474-b5da-0a29078e4f4d","local_time":"20191109194658","is_ascension_mode":false,"campfire_choices":[{"data":"Regret","floor":6.0,"key":"PURGE"},{"data":"Apotheosis","floor":15.0,"key":"SMITH"},{"data":"Strike_R","floor":23.0,"key":"PURGE"},{"data":"Strike_R","floor":27.0,"key":"PURGE"},{"data":"Strike_R","floor":32.0,"key":"PURGE"},{"data":"Normality","floor":40,"key":"PURGE"},{"data":"Doubt","floor":44,"key":"PURGE"},{"data":"Defend_R","floor":49,"key":"PURGE"}],"neow_cost":"NONE","seed_source_timestamp":3724844946599056,"circlet_count":0,"master_deck":["Defend_R","Defend_R","Bash","Body Slam","Evolve","Seeing Red","Flame Barrier","Apotheosis+1","Shrug It Off","Barricade+1","Shrug It Off+1","Warcry+1","Body Slam","Metallicize+1","Battle Trance+1"],"special_seed":0,"relics":["Burning Blood","Bag of Marbles","Peace Pipe","Oddly Smooth Stone","TungstenRod","Fusion Hammer","Red Mask","Pocketwatch","Pear","StoneCalendar","Self Forming Clay","Coffee Dripper","Bag of Preparation","Strawberry","Bronze Scales","Toolbox","Red Skull","Bottled Tornado"],"potions_floor_usage":[41,50],"damage_taken":[{"damage":5.0,"enemies":"2 Louse","floor":1.0,"turns":2.0},{"damage":9.0,"enemies":"Small Slimes","floor":5.0,"turns":4.0},{"damage":25.0,"enemies":"Gremlin Nob","floor":7.0,"turns":4.0},{"damage":3.0,"enemies":"Cultist","floor":8.0,"turns":4.0},{"damage":11.0,"enemies":"Blue Slaver","floor":13.0,"turns":2.0},{"damage":2.0,"enemies":"2 Fungi Beasts","floor":14.0,"turns":4.0},{"damage":34.0,"enemies":"Slime Boss","floor":16.0,"turns":10.0},{"damage":9.0,"enemies":"Shell Parasite","floor":18.0,"turns":5.0},{"damage":18.0,"enemies":"Masked Bandits","floor":20.0,"turns":7.0},{"damage":4.0,"enemies":"Spheric Guardian","floor":22.0,"turns":5.0},{"damage":2.0,"enemies":"Shelled Parasite and Fungi","floor":24.0,"turns":6.0},{"damage":0.0,"enemies":"Book of Stabbing","floor":25.0,"turns":7.0},{"damage":0.0,"enemies":"Sentry and Sphere","floor":28.0,"turns":5.0},{"damage":0.0,"enemies":"Snake Plant","floor":30.0,"turns":4.0},{"damage":4.0,"enemies":"Colosseum Slavers","floor":31.0,"turns":4.0},{"damage":0.0,"enemies":"Colosseum Nobs","floor":31.0,"turns":6.0},{"damage":0.0,"enemies":"Automaton","floor":33.0,"turns":7.0},{"damage":0.0,"enemies":"Orb Walker","floor":35.0,"turns":3.0},{"damage":20.0,"enemies":"3 Darklings","floor":38.0,"turns":7.0},{"damage":5,"enemies":"Writhing Mass","floor":39,"turns":6},{"damage":45,"enemies":"Transient","floor":41,"turns":5},{"damage":0,"enemies":"3 Darklings","floor":47,"turns":2},{"damage":4,"enemies":"Jaw Worm Horde","floor":48,"turns":4},{"damage":0,"enemies":"Awakened One","floor":50,"turns":6}],"seed_played":"3905371674547099068","potions_obtained":[{"floor":1.0,"key":"BloodPotion"},{"floor":5.0,"key":"PowerPotion"},{"floor":14.0,"key":"BloodPotion"},{"floor":18.0,"key":"ColorlessPotion"},{"floor":20.0,"key":"Ancient Potion"},{"floor":25.0,"key":"ElixirPotion"},{"floor":31.0,"key":"HeartOfIron"},{"floor":38.0,"key":"Ancient Potion"},{"floor":41,"key":"Weak Potion"}],"is_trial":false,"path_per_floor":["M","?","$","?","M","R","E","M","T","?","$","?","M","M","R","B",null,"M","?","?","?","M","R","M","E","T","R","M","?","M","?","R","B",null,"M","?","?","M","M","R","M","?","T","R","$","T","M","M","R","B",null],"character_chosen":"IRONCLAD","items_purchased":["Evolve","Apotheosis","Shrug It Off","Bronze Scales","Toolbox","Red Skull"],"campfire_rested":0,"item_purchase_floors":[3,11,11,45,45,45],"current_hp_per_floor":[80,80,80,80,77,77,58,61,61,61,61,54,65,69,69,57,80,77,77,65,65,67,67,71,77,87,87,90,90,90,90,90,90,90,90,90,90,76,77,77,38,38,45,45,45,45,51,53,53,59],"gold":1114,"neow_bonus":"RANDOM_COMMON_RELIC","is_prod":false,"is_daily":false,"chose_seed":false,"campfire_upgraded":1,"win_rate":0,"timestamp":1573310818,"path_taken":["M","?","$","?","?","R","E","M","T","?","$","?","?","M","R","BOSS","M","?","?","?","M","R","M","E","T","R","?","?","M","?","R","BOSS","M","?","?","M","?","R","?","?","T","R","$","?","M","?","R","BOSS"],"build_version":"2019-10-30","purchased_purges":1,"victory":true,"max_hp_per_floor":[80,80,80,80,80,80,80,80,80,80,80,80,80,80,80,80,80,80,80,80,80,80,80,80,80,90,90,90,90,90,90,90,90,90,90,90,90,90,90,90,90,90,97,97,97,97,97,97,97,97],"card_choices":[{"not_picked":["Intimidate","Twin Strike"],"picked":"Body Slam","floor":1.0},{"not_picked":["Blood for Blood","Combust"],"picked":"Flame Barrier","floor":5.0},{"not_picked":["Brutality","Twin Strike","Cleave"],"picked":"SKIP","floor":7.0},{"not_picked":["Burning Pact","Rampage","Pommel Strike"],"picked":"SKIP","floor":8.0},{"not_picked":["Pommel Strike","Infernal Blade","Clothesline"],"picked":"SKIP","floor":13.0},{"not_picked":["Cleave","Headbutt","Shockwave"],"picked":"SKIP","floor":14.0},{"not_picked":["Double Tap","Immolate"],"picked":"Barricade","floor":16.0},{"not_picked":["Heavy Blade+1","Cleave","Pommel Strike"],"picked":"SKIP","floor":18.0},{"not_picked":["Infernal Blade","Anger","Havoc"],"picked":"SKIP","floor":22.0},{"not_picked":["Havoc","Clash"],"picked":"Shrug It Off+1","floor":24.0},{"not_picked":["Limit Break","Berserk"],"picked":"Warcry+1","floor":25.0},{"not_picked":["Armaments","Flex","Blood for Blood"],"picked":"SKIP","floor":28.0},{"not_picked":["Juggernaut","Combust+1"],"picked":"Body Slam","floor":30.0},{"not_picked":["Twin Strike","Clothesline"],"picked":"Metallicize+1","floor":31.0},{"not_picked":["Armaments","Evolve","Thunderclap+1"],"picked":"SKIP","floor":35.0},{"not_picked":["Armaments","Evolve","Thunderclap+1"],"picked":"SKIP","floor":35.0},{"not_picked":["Armaments","Evolve","Thunderclap+1"],"picked":"SKIP","floor":35.0},{"not_picked":["Pummel","Pommel Strike+1","Heavy Blade"],"picked":"SKIP","floor":38.0},{"not_picked":["Clothesline+1","Evolve+1","Clash+1"],"picked":"SKIP","floor":39},{"not_picked":["Flex+1","Wild Strike+1"],"picked":"Battle Trance+1","floor":41},{"not_picked":["Heavy Blade","Wild Strike+1","Thunderclap"],"picked":"SKIP","floor":47},{"not_picked":["Twin Strike+1","Reaper","Armaments"],"picked":"SKIP","floor":48}],"player_experience":47157,"relics_obtained":[{"floor":7.0,"key":"Oddly Smooth Stone"},{"floor":9.0,"key":"TungstenRod"},{"floor":20.0,"key":"Red Mask"},{"floor":25.0,"key":"Pocketwatch"},{"floor":26.0,"key":"Pear"},{"floor":31.0,"key":"StoneCalendar"},{"floor":31.0,"key":"Self Forming Clay"},{"floor":43,"key":"Strawberry"},{"floor":46,"key":"Bottled Tornado"}],"event_choices":[{"damage_healed":0.0,"max_hp_gain":0.0,"max_hp_loss":0.0,"gold_gain":0.0,"event_name":"Big Fish","player_choice":"Box","floor":2.0,"gold_loss":0.0,"damage_taken":0.0,"relics_obtained":["Peace Pipe"],"cards_obtained":["Regret"]},{"damage_healed":0.0,"max_hp_gain":0.0,"max_hp_loss":0.0,"gold_gain":0.0,"cards_transformed":["Strike_R"],"event_name":"Transmorgrifier","player_choice":"Transformed","floor":4.0,"gold_loss":0.0,"damage_taken":0.0,"cards_obtained":["Seeing Red"]},{"damage_healed":0.0,"max_hp_gain":0.0,"max_hp_loss":0.0,"gold_gain":175.0,"event_name":"Liars Game","player_choice":"AGREE","floor":10.0,"gold_loss":0.0,"damage_taken":0.0,"cards_obtained":["Doubt"]},{"damage_healed":0.0,"max_hp_gain":0.0,"max_hp_loss":0.0,"gold_gain":0.0,"event_name":"Wheel of Change","player_choice":"Damaged","floor":12.0,"gold_loss":0.0,"damage_taken":8.0},{"damage_healed":0.0,"max_hp_gain":0.0,"max_hp_loss":0.0,"gold_gain":0.0,"event_name":"Beggar","player_choice":"Ignored","floor":19.0,"gold_loss":0.0,"damage_taken":0.0},{"damage_healed":0.0,"max_hp_gain":0.0,"max_hp_loss":0.0,"gold_gain":0.0,"event_name":"Masked Bandits","player_choice":"Fought Bandits","floor":20.0,"gold_loss":0.0,"damage_taken":0.0},{"cards_removed":["Strike_R"],"damage_healed":0.0,"max_hp_gain":0.0,"max_hp_loss":0.0,"gold_gain":0.0,"event_name":"Purifier","player_choice":"Purged","floor":21.0,"gold_loss":0.0,"damage_taken":0.0},{"damage_healed":0.0,"max_hp_gain":0.0,"max_hp_loss":0.0,"gold_gain":99.0,"event_name":"Nest","player_choice":"Stole From Cult","floor":29.0,"gold_loss":0.0,"damage_taken":0.0},{"damage_healed":0.0,"max_hp_gain":0.0,"max_hp_loss":0.0,"gold_gain":0.0,"event_name":"Colosseum","player_choice":"Fight","floor":31.0,"gold_loss":0.0,"damage_taken":0.0},{"damage_healed":0.0,"max_hp_gain":0.0,"max_hp_loss":0.0,"gold_gain":0.0,"event_name":"Colosseum","player_choice":"Fought Nobs","floor":31.0,"gold_loss":0.0,"damage_taken":0.0},{"damage_healed":0.0,"max_hp_gain":0.0,"max_hp_loss":0.0,"gold_gain":999.0,"event_name":"MindBloom","player_choice":"Gold","floor":36.0,"gold_loss":0.0,"damage_taken":0.0,"cards_obtained":["Normality","Normality"]},{"damage_healed":0.0,"max_hp_gain":0.0,"max_hp_loss":0.0,"gold_gain":0.0,"event_name":"WeMeetAgain","player_choice":"Gave Potion","floor":37.0,"gold_loss":0.0,"damage_taken":0.0,"relics_obtained":["Bag of Preparation"]},{"cards_removed":["Normality"],"damage_healed":0,"gold_gain":0,"player_choice":"Upgrade and Remove","damage_taken":0,"max_hp_gain":0,"max_hp_loss":0,"event_name":"Designer","floor":42,"gold_loss":90,"cards_upgraded":["Barricade"]}],"is_beta":true,"boss_relics":[{"not_picked":["Tiny House","Astrolabe"],"picked":"Fusion Hammer"},{"not_picked":["Sozu","Velvet Choker"],"picked":"Coffee Dripper"}],"items_purged_floors":[45],"is_endless":false,"potions_floor_spawned":[1,5,14,18,20,25,31,38,39,41],"ascension_level":0}