{"gold_per_floor":[115,115,131,131,152,152,152,176,199,199,230,244,269,119,119,239,239,259,279,279,279,298,322,322,357,404,4,48,2,0,13,13,133,133,133],"floor_reached":35,"playtime":983,"items_purged":["Corruption"],"score":420,"play_id":"1cc30701-bf3c-45d6-8d32-e0e5ff9fc7c6","local_time":"20191107083021","is_ascension_mode":false,"campfire_choices":[{"data":"Spot Weakness","floor":6.0,"key":"SMITH"},{"data":"Heavy Blade","floor":10.0,"key":"SMITH"},{"data":"Bash","floor":15.0,"key":"SMITH"},{"floor":24.0,"key":"REST"},{"floor":32.0,"key":"REST"}],"neow_cost":"NONE","seed_source_timestamp":0,"circlet_count":0,"master_deck":["Strike_R","Strike_R","Strike_R","Strike_R","Defend_R","Defend_R","Bash+1","Spot Weakness+1","Heavy Blade+1","Warcry","Impervious","Limit Break","Fiend Fire","Spot Weakness+1","Trip","Good Instincts"],"special_seed":0,"relics":["Burning Blood","Golden Idol","Regal Pillow","Potion Belt","Bronze Scales","Busted Crown","MealTicket","Mummified Hand","Bag of Marbles","Membership Card","PreservedInsect","Anchor","Vajra","Runic Dome"],"potions_floor_usage":[33],"damage_taken":[{"damage":0.0,"enemies":"2 Louse","floor":1.0,"turns":3.0},{"damage":0.0,"enemies":"Small Slimes","floor":3.0,"turns":4.0},{"damage":3.0,"enemies":"Jaw Worm","floor":5.0,"turns":4.0},{"damage":5.0,"enemies":"Red Slaver","floor":8.0,"turns":3.0},{"damage":26.0,"enemies":"Lagavulin","floor":11.0,"turns":7.0},{"damage":34.0,"enemies":"Exordium Thugs","floor":12.0,"turns":4.0},{"damage":1.0,"enemies":"Exordium Wildlife","floor":13.0,"turns":3.0},{"damage":31.0,"enemies":"The Guardian","floor":16.0,"turns":11.0},{"damage":5.0,"enemies":"Chosen","floor":18.0,"turns":3.0},{"damage":7.0,"enemies":"Spheric Guardian","floor":19.0,"turns":5.0},{"damage":70.0,"enemies":"3 Cultists","floor":22.0,"turns":6.0},{"damage":44.0,"enemies":"Book of Stabbing","floor":25.0,"turns":5.0},{"damage":22.0,"enemies":"Slavers","floor":28.0,"turns":4.0},{"damage":15.0,"enemies":"Snecko","floor":31.0,"turns":5.0},{"damage":70,"enemies":"Collector","floor":33,"turns":5},{"damage":52,"enemies":"3 Shapes","floor":35,"turns":3}],"seed_played":"311403080159489849","potions_obtained":[{"floor":3.0,"key":"SkillPotion"},{"floor":8.0,"key":"ElixirPotion"},{"floor":12.0,"key":"Weak Potion"},{"floor":16.0,"key":"SmokeBomb"},{"floor":31.0,"key":"SkillPotion"},{"floor":33,"key":"Strength Potion"}],"is_trial":false,"path_per_floor":["M","?","M","?","M","R","$","M","T","R","E","M","M","$","R","B",null,"M","M","?","?","M","T","R","E","T","$","E","$","?","M","R","B",null,"M"],"character_chosen":"IRONCLAD","items_purchased":["Bronze Scales","Membership Card","PreservedInsect","Anchor","Trip","Weak Potion","Good Instincts"],"campfire_rested":2,"item_purchase_floors":[14,27,27,27,27,27,29],"current_hp_per_floor":[88,66,72,72,75,75,75,76,76,76,56,28,33,33,33,8,88,88,87,87,87,23,23,64,26,26,41,25,40,40,31,72,8,88,42],"gold":133,"neow_bonus":"TEN_PERCENT_HP_BONUS","is_prod":false,"is_daily":false,"chose_seed":false,"campfire_upgraded":3,"win_rate":0,"timestamp":1573097421,"path_taken":["M","?","M","?","M","R","$","?","T","R","E","M","M","?","R","BOSS","M","M","?","?","?","?","R","E","T","?","E","$","?","M","R","BOSS","M"],"build_version":"2019-10-30","purchased_purges":1,"victory":false,"max_hp_per_floor":[88,88,88,88,88,88,88,88,88,88,88,88,88,88,88,88,88,88,88,88,88,88,88,88,88,88,88,88,88,88,88,88,88,88,88],"card_choices":[{"not_picked":["Thunderclap","Hemokinesis","Sword Boomerang"],"picked":"SKIP","floor":1.0},{"not_picked":["Flex","Shrug It Off"],"picked":"Spot Weakness","floor":3.0},{"not_picked":["Dark Embrace","True Grit"],"picked":"Heavy Blade","floor":5.0},{"not_picked":["True Grit","Twin Strike","Wild Strike"],"picked":"SKIP","floor":8.0},{"not_picked":["Thunderclap","Sword Boomerang"],"picked":"Warcry","floor":11.0},{"not_picked":["Wild Strike","Heavy Blade"],"picked":"Impervious","floor":12.0},{"not_picked":["Bloodletting","Anger","Body Slam"],"picked":"SKIP","floor":13.0},{"not_picked":["Corruption","Feed"],"picked":"Limit Break","floor":16.0},{"not_picked":["Wild Strike+1"],"picked":"SKIP","floor":18.0},{"not_picked":["Fire Breathing+1"],"picked":"SKIP","floor":19.0},{"not_picked":["Sever Soul"],"picked":"SKIP","floor":22.0},{"not_picked":["Dropkick"],"picked":"SKIP","floor":25.0},{"not_picked":["Pommel Strike+1"],"picked":"SKIP","floor":28.0},{"not_picked":["Dropkick"],"picked":"SKIP","floor":31.0}],"player_experience":36833,"relics_obtained":[{"floor":9.0,"key":"Regal Pillow"},{"floor":11.0,"key":"Potion Belt"},{"floor":23.0,"key":"MealTicket"},{"floor":25.0,"key":"Mummified Hand"},{"floor":26.0,"key":"Bag of Marbles"},{"floor":28.0,"key":"Vajra"}],"event_choices":[{"damage_healed":0.0,"max_hp_gain":0.0,"max_hp_loss":0.0,"gold_gain":0.0,"event_name":"Golden Idol","player_choice":"Take Damage","floor":2.0,"gold_loss":0.0,"damage_taken":22.0,"relics_obtained":["Golden Idol"]},{"cards_removed":["Strike_R"],"damage_healed":0.0,"max_hp_gain":0.0,"max_hp_loss":0.0,"gold_gain":0.0,"event_name":"Living Wall","player_choice":"Forget","floor":4.0,"gold_loss":0.0,"damage_taken":0.0},{"damage_healed":0.0,"max_hp_gain":0.0,"max_hp_loss":0.0,"gold_gain":0.0,"cards_transformed":["Defend_R","Defend_R"],"event_name":"Drug Dealer","player_choice":"Became Test Subject","floor":20.0,"gold_loss":0.0,"damage_taken":0.0,"cards_obtained":["Fiend Fire","Corruption"]},{"damage_healed":0.0,"max_hp_gain":0.0,"max_hp_loss":0.0,"gold_gain":0.0,"event_name":"Duplicator","player_choice":"Copied","floor":21.0,"gold_loss":0.0,"damage_taken":0.0,"cards_obtained":["Spot Weakness"]},{"damage_healed":0.0,"max_hp_gain":0.0,"max_hp_loss":0.0,"gold_gain":0.0,"event_name":"Masked Bandits","player_choice":"Paid Fearfully","floor":30.0,"gold_loss":2.0,"damage_taken":0.0}],"is_beta":true,"boss_relics":[{"not_picked":["Ectoplasm","Tiny House"],"picked":"Busted Crown"},{"not_picked":["Philosopher\u0027s Stone","Snecko Eye"],"picked":"Runic Dome"}],"items_purged_floors":[27],"is_endless":false,"potions_floor_spawned":[3,8,12,16,31,33],"killed_by":"3 Shapes","ascension_level":0}