{"gold_per_floor":[110,110,124,135,135,135,135,151,199,199,213,213,245,260,260,359,359,371,371,402,35,35,63,63,92,118,133,58,73,127,161,161,257,257,270,316,316,39,1038,1064,1064,1098,1147,1147,1159,1159,1178,1178,1178,1178,1178,1178,332,363,363],"floor_reached":55,"playtime":1821,"items_purged":["Strike_R","Shame"],"score":829,"play_id":"ee2edd7b-f7ee-4ea9-be3b-15b923e1b84a","local_time":"20191107090154","is_ascension_mode":false,"campfire_choices":[{"data":"Flex","floor":7.0,"key":"SMITH"},{"data":"Shrug It Off","floor":10.0,"key":"SMITH"},{"data":"Heavy Blade","floor":12.0,"key":"SMITH"},{"data":"Limit Break","floor":15.0,"key":"SMITH"},{"floor":32.0,"key":"REST"},{"floor":41,"key":"REST"},{"floor":44,"key":"RECALL"},{"data":"Limit Break","floor":49,"key":"SMITH"},{"data":"Heavy Blade","floor":52,"key":"SMITH"}],"neow_cost":"NONE","seed_source_timestamp":3513377210683206,"circlet_count":0,"master_deck":["Strike_R+1","Strike_R","Strike_R+1","Strike_R","Defend_R","Defend_R","Bash","Flex+1","Warcry","Shrug It Off+1","Ghostly Armor","Heavy Blade+1","Limit Break+1","Shrug It Off","Inflame","Spot Weakness","Inflame+1","Limit Break+1","Heavy Blade+1","Battle Trance","Evolve","Shockwave","Warcry+1"],"special_seed":0,"relics":["Burning Blood","Regal Pillow","Centennial Puzzle","Kunai","Mark of Pain","Red Skull","Red Mask","Juzu Bracelet","Medical Kit","CultistMask","Whetstone","Sundial","Bronze Scales","Anchor","Dream Catcher","Cursed Key","Bird Faced Urn","Omamori","Mummified Hand","Ancient Tea Set","Happy Flower","Strawberry","Toolbox","Boot"],"potions_floor_usage":[50,55,55,55],"damage_taken":[{"damage":1.0,"enemies":"2 Louse","floor":1.0,"turns":2.0},{"damage":4.0,"enemies":"Cultist","floor":3.0,"turns":4.0},{"damage":2.0,"enemies":"Small Slimes","floor":4.0,"turns":4.0},{"damage":9.0,"enemies":"2 Fungi Beasts","floor":8.0,"turns":3.0},{"damage":8.0,"enemies":"Lots of Slimes","floor":11.0,"turns":5.0},{"damage":4.0,"enemies":"Gremlin Nob","floor":13.0,"turns":3.0},{"damage":5.0,"enemies":"Looter","floor":14.0,"turns":3.0},{"damage":26.0,"enemies":"The Guardian","floor":16.0,"turns":7.0},{"damage":0.0,"enemies":"Chosen","floor":18.0,"turns":4.0},{"damage":46.0,"enemies":"Masked Bandits","floor":20.0,"turns":6.0},{"damage":19.0,"enemies":"Gremlin Leader","floor":23.0,"turns":5.0},{"damage":0.0,"enemies":"Slavers","floor":25.0,"turns":5.0},{"damage":5.0,"enemies":"Spheric Guardian","floor":27.0,"turns":3.0},{"damage":10.0,"enemies":"Cultist and Chosen","floor":29.0,"turns":4.0},{"damage":1.0,"enemies":"Book of Stabbing","floor":31.0,"turns":3.0},{"damage":59.0,"enemies":"Collector","floor":33.0,"turns":6.0},{"damage":1.0,"enemies":"Orb Walker","floor":35.0,"turns":3.0},{"damage":35,"enemies":"2 Orb Walkers","floor":36,"turns":4},{"damage":36,"enemies":"Reptomancer","floor":40,"turns":5},{"damage":44,"enemies":"Nemesis","floor":42,"turns":5},{"damage":16,"enemies":"3 Darklings","floor":45,"turns":3},{"damage":8,"enemies":"Spire Growth","floor":47,"turns":3},{"damage":38,"enemies":"Awakened One","floor":50,"turns":6},{"damage":9,"enemies":"Shield and Spear","floor":54,"turns":3},{"damage":135,"enemies":"The Heart","floor":55,"turns":6}],"seed_played":"-8769213764499272433","potions_obtained":[{"floor":1.0,"key":"AttackPotion"},{"floor":8.0,"key":"EssenceOfSteel"},{"floor":11.0,"key":"SpeedPotion"},{"floor":14.0,"key":"Fruit Juice"},{"floor":16.0,"key":"EssenceOfSteel"},{"floor":20.0,"key":"Energy Potion"},{"floor":23.0,"key":"BlessingOfTheForge"},{"floor":29.0,"key":"HeartOfIron"},{"floor":31.0,"key":"SpeedPotion"},{"floor":42,"key":"SneckoOil"},{"floor":45,"key":"Block Potion"},{"floor":54,"key":"BloodPotion"}],"is_trial":false,"path_per_floor":["M","?","M","M","?","?","R","M","T","R","M","R","E","M","R","B",null,"M","?","?","$","?","E","?","E","T","M","?","M","T","E","R","B",null,"M","?","?","$","?","E","R","E","T","R","M","?","M","?","R","B",null,"R","$","E","B"],"character_chosen":"IRONCLAD","items_purchased":["Juzu Bracelet","Inflame","Medical Kit","Omamori","Heavy Blade","Happy Flower","Strawberry","Toolbox","Evolve","Shockwave","LiquidMemories","SpeedPotion"],"campfire_rested":2,"item_purchase_floors":[21,21,21,38,38,53,53,53,53,53,53,53],"current_hp_per_floor":[80,80,80,80,73,73,73,70,70,70,68,68,70,76,76,56,85,85,85,45,45,45,32,32,38,38,39,39,35,35,40,80,27,85,85,56,51,51,51,25,65,31,31,31,23,23,23,85,85,53,85,85,92,89,0],"gold":363,"neow_bonus":"THREE_CARDS","is_prod":false,"is_daily":false,"chose_seed":false,"campfire_upgraded":6,"win_rate":0,"timestamp":1573099314,"path_taken":["M","?","?","M","?","?","R","M","T","R","?","R","E","M","R","BOSS","M","?","?","?","?","E","?","E","T","M","?","M","?","E","R","BOSS","M","?","?","$","?","E","R","E","T","R","M","?","M","?","R","BOSS","R","$","E","BOSS"],"build_version":"2019-10-30","purchased_purges":2,"victory":false,"max_hp_per_floor":[80,80,80,80,80,80,80,80,80,80,80,80,80,85,85,85,85,85,85,85,85,85,85,85,85,85,85,85,85,85,85,85,85,85,85,85,85,85,85,85,85,85,85,85,85,85,85,85,85,85,85,85,92,92,92],"card_choices":[{"not_picked":["Clothesline","Blood for Blood"],"picked":"Flex","floor":0.0},{"not_picked":["Sever Soul","Seeing Red"],"picked":"Body Slam","floor":1.0},{"not_picked":["Twin Strike","Rampage"],"picked":"Warcry","floor":3.0},{"not_picked":["Flex","Clash"],"picked":"Shrug It Off","floor":4.0},{"not_picked":["Seeing Red","Armaments"],"picked":"Ghostly Armor","floor":8.0},{"not_picked":["Armaments","Pummel"],"picked":"Heavy Blade","floor":11.0},{"not_picked":["Thunderclap","Barricade"],"picked":"Limit Break","floor":13.0},{"not_picked":["Clash","Evolve","Twin Strike"],"picked":"SKIP","floor":14.0},{"not_picked":["Warcry","Twin Strike","Thunderclap"],"picked":"SKIP","floor":18.0},{"not_picked":["Reckless Charge","Entrench"],"picked":"Shrug It Off","floor":20.0},{"not_picked":["Headbutt","Wild Strike","Flex"],"picked":"SKIP","floor":23.0},{"not_picked":["Headbutt","Searing Blow"],"picked":"Spot Weakness","floor":25.0},{"not_picked":["Armaments","Headbutt","Iron Wave"],"picked":"SKIP","floor":27.0},{"not_picked":["Pommel Strike","Rampage"],"picked":"Inflame+1","floor":29.0},{"not_picked":["Warcry","Brutality","Flex"],"picked":"SKIP","floor":31.0},{"not_picked":["Feed","Bludgeon"],"picked":"Limit Break","floor":33.0},{"not_picked":["Dark Embrace","Intimidate","Entrench+1"],"picked":"SKIP","floor":35.0},{"not_picked":["Mind Blast","Finesse"],"picked":"Trip","floor":37},{"not_picked":["Flex+1","Wild Strike+1","True Grit"],"picked":"SKIP","floor":40},{"not_picked":["Pummel","Carnage+1","Immolate"],"picked":"SKIP","floor":42},{"not_picked":["Iron Wave","Pommel Strike"],"picked":"Battle Trance","floor":45},{"not_picked":["Anger","Sword Boomerang","Body Slam"],"picked":"SKIP","floor":47},{"not_picked":["Thunderclap","Heavy Blade+1"],"picked":"Warcry+1","floor":54}],"player_experience":37816,"relics_obtained":[{"floor":6.0,"key":"Regal Pillow"},{"floor":9.0,"key":"Centennial Puzzle"},{"floor":13.0,"key":"Kunai"},{"floor":20.0,"key":"Red Mask"},{"floor":23.0,"key":"Whetstone"},{"floor":25.0,"key":"Sundial"},{"floor":26.0,"key":"Bronze Scales"},{"floor":30.0,"key":"Anchor"},{"floor":31.0,"key":"Dream Catcher"},{"floor":36,"key":"Bird Faced Urn"},{"floor":40,"key":"Mummified Hand"},{"floor":42,"key":"Ancient Tea Set"},{"floor":54,"key":"Boot"}],"event_choices":[{"cards_removed":["Body Slam"],"damage_healed":5.0,"max_hp_gain":0.0,"max_hp_loss":0.0,"gold_gain":0.0,"event_name":"Bonfire Elementals","player_choice":"Offered Common","floor":2.0,"gold_loss":0.0,"damage_taken":0.0},{"cards_removed":["Body Slam"],"damage_healed":5.0,"max_hp_gain":0.0,"max_hp_loss":0.0,"gold_gain":0.0,"event_name":"Bonfire Elementals","player_choice":"Offered Special","floor":2.0,"gold_loss":0.0,"damage_taken":0.0},{"cards_removed":["Defend_R"],"damage_healed":0.0,"max_hp_gain":0.0,"max_hp_loss":0.0,"gold_gain":0.0,"event_name":"Golden Wing","player_choice":"Card Removal","floor":5.0,"gold_loss":0.0,"damage_taken":7.0},{"damage_healed":0.0,"max_hp_gain":0.0,"max_hp_loss":0.0,"gold_gain":0.0,"event_name":"Wheel of Change","player_choice":"Relic","floor":6.0,"gold_loss":0.0,"damage_taken":0.0},{"damage_healed":0.0,"max_hp_gain":0.0,"max_hp_loss":0.0,"gold_gain":0.0,"event_name":"The Mausoleum","player_choice":"Opened","floor":19.0,"gold_loss":0.0,"damage_taken":0.0,"relics_obtained":["Red Skull"]},{"damage_healed":0.0,"max_hp_gain":0.0,"max_hp_loss":0.0,"gold_gain":0.0,"event_name":"Masked Bandits","player_choice":"Fought Bandits","floor":20.0,"gold_loss":0.0,"damage_taken":0.0},{"damage_healed":0.0,"max_hp_gain":0.0,"max_hp_loss":0.0,"gold_gain":0.0,"event_name":"FaceTrader","player_choice":"Trade","floor":22.0,"gold_loss":0.0,"damage_taken":0.0,"relics_obtained":["CultistMask"]},{"damage_healed":0.0,"max_hp_gain":0.0,"max_hp_loss":0.0,"gold_gain":0.0,"event_name":"Cursed Tome","player_choice":"Ignored","floor":24.0,"gold_loss":0.0,"damage_taken":0.0},{"cards_removed":["Defend_R"],"damage_healed":0.0,"max_hp_gain":0.0,"max_hp_loss":0.0,"gold_gain":0.0,"event_name":"Beggar","player_choice":"Gave Gold","floor":28.0,"gold_loss":75.0,"damage_taken":0.0},{"damage_healed":0,"gold_gain":0,"player_choice":"Fight","damage_taken":0,"max_hp_gain":0,"max_hp_loss":0,"event_name":"Mysterious Sphere","floor":36,"gold_loss":0},{"damage_healed":0,"gold_gain":0,"player_choice":"Memory 2","damage_taken":5,"max_hp_gain":0,"max_hp_loss":0,"event_name":"SensoryStone","floor":37,"gold_loss":0},{"damage_healed":0,"gold_gain":999,"player_choice":"Gold","damage_taken":0,"max_hp_gain":0,"max_hp_loss":0,"event_name":"MindBloom","floor":39,"gold_loss":0,"cards_obtained":["Normality","Normality"]},{"cards_removed":["Trip"],"damage_healed":0,"gold_gain":0,"player_choice":"Removed Skill","damage_taken":0,"max_hp_gain":0,"max_hp_loss":0,"event_name":"Falling","floor":46,"gold_loss":0},{"damage_healed":62,"gold_gain":0,"player_choice":"Full Heal","damage_taken":0,"max_hp_gain":0,"max_hp_loss":0,"event_name":"Wheel of Change","floor":48,"gold_loss":0}],"is_beta":true,"boss_relics":[{"not_picked":["Sozu","Busted Crown"],"picked":"Mark of Pain"},{"not_picked":["Snecko Eye","Runic Dome"],"picked":"Cursed Key"}],"items_purged_floors":[38,53],"is_endless":false,"potions_floor_spawned":[1,8,11,14,16,20,23,29,31,42,45,54],"killed_by":"The Heart","ascension_level":0}