{"gold_per_floor":[109,184,198,210,60,91,91,91,91,91,106,106,123,157,157,253,253,263,263,281,281,298,327,327,361,361,378,378,395,59,59,59,156,156,167,184,196,196,246,280,280,280],"floor_reached":42,"playtime":1805,"items_purged":["Strike_R"],"score":528,"play_id":"77655a86-027a-4621-944e-0d410645133e","local_time":"20191113132307","is_ascension_mode":false,"campfire_choices":[{"data":"Rupture","floor":7.0,"key":"SMITH"},{"data":"Bloodletting","floor":10.0,"key":"SMITH"},{"floor":12.0,"key":"REST"},{"data":"Intimidate","floor":15.0,"key":"SMITH"},{"data":"Shrug It Off","floor":24.0,"key":"SMITH"},{"data":"Rupture","floor":28.0,"key":"SMITH"},{"floor":32.0,"key":"REST"},{"floor":41,"key":"RECALL"}],"neow_cost":"NONE","seed_source_timestamp":10372553647068,"circlet_count":0,"master_deck":["Strike_R","Strike_R","Defend_R","Defend_R","Defend_R+1","Defend_R","Bash","Rupture+1","Bloodletting+1","Combust+1","Intimidate+1","Twin Strike","Fire Breathing","Heavy Blade","Limit Break","Rupture+1","Reaper","Shrug It Off+1","Rupture","Enlightenment+1","Limit Break+1","Finesse+1","Brutality"],"special_seed":0,"relics":["Burning Blood","Pocketwatch","Eternal Feather","Mango","Nloth\u0027s Gift","StoneCalendar","Toxic Egg 2","Bottled Tornado","Black Star","Peace Pipe","Mummified Hand","Strawberry"],"potions_floor_usage":[],"damage_taken":[{"damage":7.0,"enemies":"Small Slimes","floor":1.0,"turns":5.0},{"damage":1.0,"enemies":"2 Louse","floor":3.0,"turns":3.0},{"damage":7.0,"enemies":"Cultist","floor":4.0,"turns":4.0},{"damage":41.0,"enemies":"Lagavulin","floor":6.0,"turns":6.0},{"damage":9.0,"enemies":"Looter","floor":11.0,"turns":3.0},{"damage":9.0,"enemies":"Gremlin Gang","floor":13.0,"turns":3.0},{"damage":17.0,"enemies":"Gremlin Nob","floor":14.0,"turns":4.0},{"damage":29.0,"enemies":"Hexaghost","floor":16.0,"turns":7.0},{"damage":6.0,"enemies":"Spheric Guardian","floor":18.0,"turns":3.0},{"damage":16.0,"enemies":"Shell Parasite","floor":20.0,"turns":4.0},{"damage":21.0,"enemies":"Chosen and Byrds","floor":22.0,"turns":5.0},{"damage":36.0,"enemies":"Book of Stabbing","floor":23.0,"turns":6.0},{"damage":48.0,"enemies":"Slavers","floor":25.0,"turns":4.0},{"damage":15.0,"enemies":"Snecko","floor":27.0,"turns":5.0},{"damage":41.0,"enemies":"Centurion and Healer","floor":29.0,"turns":8.0},{"damage":17.0,"enemies":"Cultist and Chosen","floor":31.0,"turns":4.0},{"damage":48.0,"enemies":"Champ","floor":33.0,"turns":7.0},{"damage":49.0,"enemies":"3 Shapes","floor":35.0,"turns":5.0},{"damage":33.0,"enemies":"Orb Walker","floor":36.0,"turns":4.0},{"damage":23.0,"enemies":"Maw","floor":37.0,"turns":6.0},{"damage":31.0,"enemies":"Mind Bloom Boss Battle","floor":39.0,"turns":6.0},{"damage":60,"enemies":"Reptomancer","floor":40,"turns":6},{"damage":106,"enemies":"Nemesis","floor":42,"turns":8}],"seed_played":"-7503608020749956273","potions_obtained":[{"floor":4.0,"key":"SpeedPotion"},{"floor":6.0,"key":"Ancient Potion"},{"floor":13.0,"key":"SteroidPotion"},{"floor":16.0,"key":"ElixirPotion"},{"floor":20.0,"key":"BloodPotion"},{"floor":23.0,"key":"SmokeBomb"},{"floor":27.0,"key":"EntropicBrew"},{"floor":36.0,"key":"Block Potion"},{"floor":39.0,"key":"LiquidBronze"},{"floor":40,"key":"LiquidBronze"}],"is_trial":false,"path_per_floor":["M","?","M","M","$","E","R","?","T","R","M","R","M","E","R","B",null,"M","?","M","?","M","E","R","E","T","M","R","M","$","M","R","B",null,"M","M","M","?","?","E","R","E"],"character_chosen":"IRONCLAD","items_purchased":["Combust","Enlightenment+1","Bottled Tornado"],"campfire_rested":2,"item_purchase_floors":[5,30,30],"current_hp_per_floor":[79,68,73,72,72,37,37,21,21,27,24,54,51,54,63,40,94,94,94,84,84,69,40,49,49,49,56,65,30,30,19,59,48,94,94,67,94,94,94,50,62,0],"gold":280,"neow_bonus":"THREE_CARDS","is_prod":false,"is_daily":false,"chose_seed":false,"campfire_upgraded":5,"win_rate":0,"timestamp":1573633387,"path_taken":["M","?","M","M","$","E","R","?","T","R","M","R","M","E","R","BOSS","M","?","?","?","M","E","R","E","T","M","R","M","$","M","R","BOSS","M","M","?","?","?","E","R","E"],"build_version":"2019-10-30","purchased_purges":1,"victory":false,"max_hp_per_floor":[80,80,80,80,80,80,80,80,80,80,80,80,80,94,94,94,94,94,94,94,94,94,94,94,94,94,94,94,94,94,94,94,94,94,94,94,94,94,94,101,101,101],"card_choices":[{"not_picked":["Seeing Red","Headbutt"],"picked":"Rupture","floor":0.0},{"not_picked":["Sword Boomerang","Heavy Blade"],"picked":"Bloodletting","floor":1.0},{"not_picked":["Iron Wave","Clothesline","Perfected Strike"],"picked":"SKIP","floor":3.0},{"not_picked":["Thunderclap","Cleave","Warcry"],"picked":"SKIP","floor":4.0},{"not_picked":["Clash","Perfected Strike"],"picked":"Intimidate","floor":6.0},{"not_picked":["Shockwave","Sword Boomerang"],"picked":"Twin Strike","floor":11.0},{"not_picked":["Warcry","Headbutt"],"picked":"Fire Breathing","floor":13.0},{"not_picked":["Uppercut","Twin Strike"],"picked":"Heavy Blade","floor":14.0},{"not_picked":["Barricade","Corruption"],"picked":"Limit Break","floor":16.0},{"not_picked":["Pommel Strike","Headbutt","Clothesline"],"picked":"SKIP","floor":18.0},{"not_picked":["Anger+1","Warcry"],"picked":"Rupture","floor":20.0},{"not_picked":["Bludgeon","Warcry"],"picked":"Reaper","floor":22.0},{"not_picked":["Berserk","Demon Form"],"picked":"Shrug It Off","floor":23.0},{"not_picked":["Sentinel","Ghostly Armor","Wild Strike"],"picked":"SKIP","floor":25.0},{"not_picked":["True Grit+1","Thunderclap"],"picked":"Rupture","floor":27.0},{"not_picked":["Burning Pact+1","Twin Strike","Sever Soul"],"picked":"SKIP","floor":29.0},{"not_picked":["Fiend Fire","Demon Form"],"picked":"Limit Break+1","floor":33.0},{"not_picked":["Iron Wave","Headbutt","Wild Strike+1"],"picked":"SKIP","floor":35.0},{"not_picked":["Anger+1","Pommel Strike+1","Clothesline+1"],"picked":"SKIP","floor":36.0},{"not_picked":["Second Wind+1","Sword Boomerang","Entrench+1"],"picked":"SKIP","floor":37.0},{"not_picked":["Mayhem","Deep Breath+1"],"picked":"Finesse+1","floor":38.0},{"not_picked":["Fiend Fire","Inflame"],"picked":"Brutality","floor":40}],"player_experience":56334,"relics_obtained":[{"floor":6.0,"key":"Pocketwatch"},{"floor":9.0,"key":"Eternal Feather"},{"floor":14.0,"key":"Mango"},{"floor":23.0,"key":"StoneCalendar"},{"floor":25.0,"key":"Toxic Egg 2"},{"floor":39.0,"key":"Peace Pipe"},{"floor":40,"key":"Mummified Hand"},{"floor":40,"key":"Strawberry"}],"event_choices":[{"damage_healed":0.0,"max_hp_gain":0.0,"max_hp_loss":0.0,"gold_gain":75.0,"event_name":"World of Goop","player_choice":"Gather Gold","floor":2.0,"gold_loss":0.0,"damage_taken":11.0},{"damage_healed":0.0,"max_hp_gain":0.0,"max_hp_loss":0.0,"gold_gain":0.0,"event_name":"Shining Light","player_choice":"Entered Light","floor":8.0,"gold_loss":0.0,"damage_taken":16.0,"cards_upgraded":["Combust","Defend_R"]},{"damage_healed":0.0,"max_hp_gain":0.0,"max_hp_loss":0.0,"gold_gain":0.0,"event_name":"NoteForYourself","player_choice":"Ignored","floor":19.0,"gold_loss":0.0,"damage_taken":0.0},{"damage_healed":0.0,"max_hp_gain":0.0,"max_hp_loss":0.0,"gold_gain":0.0,"event_name":"N\u0027loth","player_choice":"Traded Relic","floor":21.0,"relics_lost":["Empty Cage"],"gold_loss":0.0,"damage_taken":0.0,"relics_obtained":["Nloth\u0027s Gift"]},{"damage_healed":0.0,"max_hp_gain":0.0,"max_hp_loss":0.0,"gold_gain":0.0,"event_name":"SensoryStone","player_choice":"Memory 1","floor":38.0,"gold_loss":0.0,"damage_taken":0.0},{"damage_healed":0.0,"max_hp_gain":0.0,"max_hp_loss":0.0,"gold_gain":0.0,"event_name":"MindBloom","player_choice":"Fight","floor":39.0,"gold_loss":0.0,"damage_taken":0.0}],"is_beta":true,"boss_relics":[{"not_picked":["Pandora\u0027s Box","Busted Crown"],"picked":"Empty Cage"},{"not_picked":["Sozu","Philosopher\u0027s Stone"],"picked":"Black Star"}],"items_purged_floors":[5],"is_endless":false,"potions_floor_spawned":[4,6,13,16,20,23,27,31,36,39,40],"killed_by":"Nemesis","ascension_level":0}