{"gold_per_floor":[117,129,147,147,165,198,210,233,245,270,282,294,306,30,30,134,134,147,147,147,147],"floor_reached":21,"playtime":706,"items_purged":[],"score":179,"play_id":"15f6860c-902b-4725-87e0-24259da200c9","local_time":"20191110163305","is_ascension_mode":false,"campfire_choices":[{"data":"Iron Wave","floor":7,"key":"SMITH"},{"data":"Metallicize","floor":15,"key":"SMITH"}],"neow_cost":"NONE","seed_source_timestamp":3800853934599346,"circlet_count":0,"master_deck":["Strike_R","Strike_R","Strike_R","Strike_R","Strike_R","Defend_R","Defend_R","Defend_R","Defend_R","Bash","Iron Wave+1","Evolve","Clothesline","Metallicize+1","Body Slam","Decay"],"relics":["Burning Blood","MawBank","Pen Nib","Gremlin Horn","Matryoshka","Philosopher\u0027s Stone","FaceOfCleric"],"potions_floor_usage":[6,16,16],"damage_taken":[{"damage":0,"enemies":"Small Slimes","floor":1,"turns":5},{"damage":1,"enemies":"Cultist","floor":2,"turns":3},{"damage":1,"enemies":"2 Louse","floor":3,"turns":3},{"damage":3,"enemies":"Exordium Wildlife","floor":5,"turns":3},{"damage":58,"enemies":"3 Sentries","floor":6,"turns":11},{"damage":15,"enemies":"2 Fungi Beasts","floor":8,"turns":5},{"damage":1,"enemies":"Large Slime","floor":10,"turns":6},{"damage":17,"enemies":"Hexaghost","floor":16,"turns":12},{"damage":23,"enemies":"Spheric Guardian","floor":18,"turns":6},{"damage":0,"enemies":"Chosen","floor":21,"turns":4}],"seed_played":"-5921672033112669149","potions_obtained":[{"floor":2,"key":"ColorlessPotion"},{"floor":6,"key":"DistilledChaos"},{"floor":8,"key":"Block Potion"},{"floor":10,"key":"AttackPotion"},{"floor":18,"key":"Strength Potion"}],"is_trial":false,"path_per_floor":["M","M","M","?","M","E","R","M","T","M","T","$","?","$","R","B",null,"M","?","?","M"],"character_chosen":"IRONCLAD","items_purchased":["Matryoshka","Metallicize"],"campfire_rested":0,"item_purchase_floors":[14,14],"current_hp_per_floor":[88,88,88,88,88,36,36,27,27,32,32,32,25,25,25,14,88,71,71,71,71],"gold":147,"neow_bonus":"TEN_PERCENT_HP_BONUS","is_prod":false,"is_daily":false,"chose_seed":false,"campfire_upgraded":2,"win_rate":0,"timestamp":1573385585,"path_taken":["M","M","M","?","?","E","R","?","T","M","?","$","?","?","R","BOSS","M","?","?","M"],"build_version":"2019-10-30","purchased_purges":0,"victory":false,"max_hp_per_floor":[88,88,88,88,88,88,88,88,88,88,88,88,88,88,88,88,88,88,88,88,88],"card_choices":[{"not_picked":["Perfected Strike","Seeing Red"],"picked":"Iron Wave","floor":1},{"not_picked":["Second Wind","Disarm"],"picked":"Evolve","floor":2},{"not_picked":["Blood for Blood","Thunderclap","Carnage"],"picked":"SKIP","floor":3},{"not_picked":["Spot Weakness","True Grit"],"picked":"Clothesline","floor":5},{"not_picked":["Second Wind","Headbutt","Anger"],"picked":"SKIP","floor":6},{"not_picked":["Infernal Blade","Burning Pact","Sword Boomerang"],"picked":"SKIP","floor":8},{"not_picked":["Cleave","Blood for Blood","Searing Blow"],"picked":"SKIP","floor":10},{"not_picked":["Wild Strike","True Grit"],"picked":"Body Slam","floor":18}],"player_experience":49546,"relics_obtained":[{"floor":6,"key":"MawBank"},{"floor":9,"key":"Pen Nib"},{"floor":11,"key":"Gremlin Horn"}],"event_choices":[{"damage_healed":0,"gold_gain":0,"player_choice":"Cursed","damage_taken":0,"max_hp_gain":0,"max_hp_loss":0,"event_name":"Wheel of Change","floor":4,"gold_loss":0,"cards_obtained":["Decay"]},{"cards_removed":["Decay"],"damage_healed":0,"gold_gain":0,"player_choice":"Card Removal","damage_taken":7,"max_hp_gain":0,"max_hp_loss":0,"event_name":"Golden Wing","floor":13,"gold_loss":0},{"damage_healed":0,"gold_gain":0,"player_choice":"Smashed Altar","damage_taken":0,"max_hp_gain":0,"max_hp_loss":0,"event_name":"Forgotten Altar","floor":19,"gold_loss":0,"cards_obtained":["Decay"]},{"damage_healed":0,"gold_gain":0,"player_choice":"Trade","damage_taken":0,"relics_obtained":["FaceOfCleric"],"max_hp_gain":0,"max_hp_loss":0,"event_name":"FaceTrader","floor":20,"gold_loss":0}],"is_beta":true,"boss_relics":[{"not_picked":["Runic Dome","Ectoplasm"],"picked":"Philosopher\u0027s Stone"}],"items_purged_floors":[],"is_endless":false,"potions_floor_spawned":[2,6,8,10,18],"killed_by":"Chosen","ascension_level":0}