{"gold_per_floor":[117,117,117,130,145,145,163,163,211,258,66,36,55,55,55,151,151,169,169,109,109,109,109,122,142,142,142],"floor_reached":27,"playtime":982,"items_purged":[],"score":201,"play_id":"d288f922-8a7c-46d0-9eee-67dd7a1bb1cd","local_time":"20191109171421","is_ascension_mode":false,"campfire_choices":[{"data":"Entrench","floor":6,"key":"SMITH"},{"floor":8,"key":"REST"},{"data":"Entrench","floor":15,"key":"SMITH"},{"data":"Barricade","floor":23,"key":"SMITH"}],"neow_cost":"NONE","seed_source_timestamp":3716646941024658,"circlet_count":0,"master_deck":["Strike_R","Strike_R","Strike_R","Strike_R","Defend_R","Defend_R","Defend_R","Defend_R","Bash","Dual Wield","Entrench+1","Shrug It Off","Entrench+1","Parasite","Barricade+1","Body Slam+1","Seeing Red","Fire Breathing+1","Body Slam+1"],"relics":["Burning Blood","Dream Catcher","Bag of Marbles","MealTicket","PreservedInsect","Velvet Choker","Lantern"],"potions_floor_usage":[7,16,16],"damage_taken":[{"damage":8,"enemies":"Cultist","floor":1,"turns":5},{"damage":6,"enemies":"Small Slimes","floor":4,"turns":4},{"damage":5,"enemies":"Jaw Worm","floor":5,"turns":5},{"damage":34,"enemies":"Large Slime","floor":7,"turns":13},{"damage":2,"enemies":"Looter","floor":12,"turns":4},{"damage":21,"enemies":"Exordium Wildlife","floor":13,"turns":10},{"damage":13,"enemies":"The Guardian","floor":16,"turns":15},{"damage":10,"enemies":"Chosen","floor":18,"turns":12},{"damage":30,"enemies":"2 Thieves","floor":20,"turns":4},{"damage":18,"enemies":"Shelled Parasite and Fungi","floor":24,"turns":11},{"damage":13,"enemies":"Snake Plant","floor":25,"turns":6},{"damage":32,"enemies":"Chosen and Byrds","floor":27,"turns":4}],"seed_played":"-6698770254249062851","potions_obtained":[{"floor":1,"key":"SteroidPotion"},{"floor":3,"key":"SmokeBomb"},{"floor":3,"key":"LiquidMemories"},{"floor":3,"key":"FairyPotion"},{"floor":7,"key":"PowerPotion"}],"is_trial":false,"path_per_floor":["M","?","?","M","M","R","M","R","T","T","$","M","M","?","R","B",null,"M","?","M","?","?","R","M","M","T","M"],"character_chosen":"IRONCLAD","items_purchased":["PreservedInsect","Shrug It Off"],"campfire_rested":1,"item_purchase_floors":[11,11],"current_hp_per_floor":[78,66,66,66,67,67,39,63,63,63,78,80,65,80,80,73,80,76,60,36,21,21,21,9,31,31,0],"gold":142,"neow_bonus":"TRANSFORM_CARD","is_prod":false,"is_daily":false,"chose_seed":false,"campfire_upgraded":3,"win_rate":0,"timestamp":1573301661,"path_taken":["M","?","?","M","M","R","?","R","T","?","$","M","M","?","R","BOSS","M","?","M","?","?","R","M","M","T","M"],"build_version":"2019-10-30","purchased_purges":0,"victory":false,"max_hp_per_floor":[80,80,80,80,80,80,80,80,80,80,80,80,80,80,80,80,80,80,80,80,85,85,85,85,85,85,85],"card_choices":[{"not_picked":["Dual Wield","Clash","Clothesline"],"picked":"SKIP","floor":1},{"not_picked":["Havoc","Armaments"],"picked":"Entrench","floor":4},{"not_picked":["Wild Strike","Anger","Warcry"],"picked":"SKIP","floor":5},{"not_picked":["Brutality","Uppercut","Body Slam"],"picked":"SKIP","floor":7},{"not_picked":["Perfected Strike","Clash"],"picked":"Entrench","floor":12},{"not_picked":["Bloodletting","Sword Boomerang","Second Wind"],"picked":"SKIP","floor":13},{"not_picked":["Corruption","Offering"],"picked":"Barricade","floor":16},{"not_picked":["Wild Strike+1","Rage"],"picked":"Body Slam+1","floor":18},{"not_picked":["True Grit","Hemokinesis"],"picked":"Seeing Red","floor":20},{"not_picked":["Havoc","Iron Wave"],"picked":"Fire Breathing+1","floor":24},{"not_picked":["Entrench","Rupture+1"],"picked":"Body Slam+1","floor":25}],"player_experience":45326,"relics_obtained":[{"floor":9,"key":"Bag of Marbles"},{"floor":10,"key":"MealTicket"},{"floor":26,"key":"Lantern"}],"event_choices":[{"damage_healed":0,"gold_gain":0,"player_choice":"Success","damage_taken":12,"relics_obtained":["Dream Catcher"],"max_hp_gain":0,"max_hp_loss":0,"event_name":"Scrap Ooze","floor":2,"gold_loss":0},{"damage_healed":0,"gold_gain":0,"player_choice":"Got Potions","damage_taken":0,"max_hp_gain":0,"max_hp_loss":0,"event_name":"Lab","floor":3,"gold_loss":0},{"damage_healed":20,"gold_gain":0,"player_choice":"Healed and dodged fight","damage_taken":0,"max_hp_gain":0,"max_hp_loss":0,"event_name":"Mushrooms","floor":14,"gold_loss":0,"cards_obtained":["Parasite"]},{"damage_healed":0,"gold_gain":0,"player_choice":"Obtained Book","damage_taken":16,"max_hp_gain":0,"max_hp_loss":0,"event_name":"Cursed Tome","floor":19,"gold_loss":0},{"damage_healed":0,"gold_gain":0,"player_choice":"Shed Blood","damage_taken":20,"max_hp_gain":5,"max_hp_loss":0,"event_name":"Forgotten Altar","floor":21,"gold_loss":0},{"damage_healed":0,"gold_gain":0,"player_choice":"Ignored","damage_taken":0,"max_hp_gain":0,"max_hp_loss":0,"event_name":"Ghosts","floor":22,"gold_loss":0}],"is_beta":true,"boss_relics":[{"not_picked":["Black Blood","Coffee Dripper"],"picked":"Velvet Choker"}],"items_purged_floors":[],"is_endless":false,"potions_floor_spawned":[1,7],"killed_by":"Chosen and Byrds","ascension_level":0}