{"gold_per_floor":[11,11,11,24,37,37,51,1,1,11,11,11,46,62,62,159,159,174,174,191,70,70,82,94],"floor_reached":24,"playtime":849,"items_purged":[],"score":246,"play_id":"cc540d35-07b6-49ba-a960-4d75dbbd5dab","local_time":"20191109191428","is_ascension_mode":false,"campfire_choices":[{"data":"Flame Barrier","floor":6.0,"key":"SMITH"},{"data":"Cleave","floor":15.0,"key":"SMITH"},{"data":"Barricade","floor":23.0,"key":"SMITH"}],"neow_cost":"NO_GOLD","seed_source_timestamp":3723943486699778,"circlet_count":0,"master_deck":["Strike_R","Strike_R","Strike_R","Strike_R","Defend_R","Defend_R","Defend_R","Bash","Flame Barrier+1","Warcry","Headbutt","Cleave+1","Barricade+1","Shrug It Off+1","Body Slam","Battle Trance","Shame"],"special_seed":0,"relics":["Burning Blood","Ginger","Pocketwatch","Incense Burner","Gremlin Horn","Runic Pyramid","MawBank"],"potions_floor_usage":[],"damage_taken":[{"damage":2.0,"enemies":"2 Louse","floor":1.0,"turns":4.0},{"damage":1.0,"enemies":"Cultist","floor":4.0,"turns":3.0},{"damage":0.0,"enemies":"Jaw Worm","floor":5.0,"turns":3.0},{"damage":7.0,"enemies":"Looter","floor":7.0,"turns":4.0},{"damage":2.0,"enemies":"Blue Slaver","floor":10.0,"turns":4.0},{"damage":2.0,"enemies":"3 Sentries","floor":13.0,"turns":8.0},{"damage":6.0,"enemies":"2 Fungi Beasts","floor":14.0,"turns":3.0},{"damage":0.0,"enemies":"Slime Boss","floor":16.0,"turns":6.0},{"damage":12.0,"enemies":"Chosen","floor":18.0,"turns":6.0},{"damage":10.0,"enemies":"3 Byrds","floor":20.0,"turns":3.0},{"damage":71,"enemies":"Book of Stabbing","floor":24,"turns":8}],"seed_played":"2961264095063087477","potions_obtained":[{"floor":1.0,"key":"PowerPotion"},{"floor":4.0,"key":"Energy Potion"},{"floor":18.0,"key":"Explosive Potion"}],"is_trial":false,"path_per_floor":["M","$","?","M","M","R","M","?","T","M","?","$","E","M","R","B",null,"M","$","M","$","?","R","E"],"character_chosen":"IRONCLAD","items_purchased":["Body Slam","Battle Trance"],"campfire_rested":0,"item_purchase_floors":[21,21],"current_hp_per_floor":[80,80,80,80,80,80,79,79,79,80,68,68,72,72,72,78,80,74,74,70,70,70,70,0],"gold":94,"neow_bonus":"ONE_RARE_RELIC","is_prod":false,"is_daily":false,"chose_seed":false,"campfire_upgraded":3,"win_rate":0,"timestamp":1573308868,"path_taken":["M","$","?","M","M","R","?","?","T","M","?","$","E","M","R","BOSS","M","$","M","$","?","R","E"],"build_version":"2019-10-30","purchased_purges":0,"victory":false,"max_hp_per_floor":[80,80,80,80,80,80,80,80,80,80,80,80,80,80,80,80,80,80,80,80,80,80,80,80],"card_choices":[{"not_picked":["Iron Wave","Perfected Strike"],"picked":"Flame Barrier","floor":1.0},{"not_picked":["Anger","Hemokinesis","Pommel Strike"],"picked":"SKIP","floor":4.0},{"not_picked":["True Grit","Pommel Strike"],"picked":"Warcry","floor":5.0},{"not_picked":["Flex","Inflame"],"picked":"Headbutt","floor":7.0},{"not_picked":["True Grit","Uppercut","Power Through"],"picked":"SKIP","floor":10.0},{"not_picked":["Iron Wave","Feed","Dark Embrace"],"picked":"SKIP","floor":13.0},{"not_picked":["Armaments","Feel No Pain"],"picked":"Cleave","floor":14.0},{"not_picked":["Fiend Fire","Exhume"],"picked":"Barricade","floor":16.0},{"not_picked":["Hemokinesis","Ghostly Armor"],"picked":"Shrug It Off+1","floor":18.0},{"not_picked":["Hemokinesis","Sentinel","Whirlwind"],"picked":"SKIP","floor":20.0}],"player_experience":46308,"relics_obtained":[{"floor":9.0,"key":"Pocketwatch"},{"floor":13.0,"key":"Gremlin Horn"}],"event_choices":[{"cards_removed":["Defend_R"],"damage_healed":0.0,"max_hp_gain":0.0,"max_hp_loss":0.0,"gold_gain":0.0,"event_name":"Wheel of Change","player_choice":"Card Removal","floor":3.0,"gold_loss":0.0,"damage_taken":0.0},{"cards_removed":["Strike_R"],"damage_healed":0.0,"max_hp_gain":0.0,"max_hp_loss":0.0,"gold_gain":0.0,"event_name":"The Cleric","player_choice":"Card Removal","floor":8.0,"gold_loss":50.0,"damage_taken":0.0},{"damage_healed":0.0,"max_hp_gain":0.0,"max_hp_loss":0.0,"gold_gain":0.0,"event_name":"Scrap Ooze","player_choice":"Success","floor":11.0,"gold_loss":0.0,"damage_taken":12.0,"relics_obtained":["Incense Burner"]},{"damage_healed":0.0,"max_hp_gain":0.0,"max_hp_loss":0.0,"gold_gain":0.0,"event_name":"Addict","player_choice":"Stole Relic","floor":22.0,"gold_loss":0.0,"damage_taken":0.0,"relics_obtained":["MawBank"],"cards_obtained":["Shame"]}],"is_beta":true,"boss_relics":[{"not_picked":["Runic Dome","Philosopher\u0027s Stone"],"picked":"Runic Pyramid"}],"items_purged_floors":[],"is_endless":false,"potions_floor_spawned":[1,4,18],"killed_by":"Book of Stabbing","ascension_level":0}