{"gold_per_floor":[113,131,131,140,215,215,215,215,215,251,266,266,294,316,316,316],"floor_reached":16,"playtime":628,"items_purged":[],"score":115,"play_id":"9e2ba6f9-1b56-4821-8aa6-04e0677c3ab2","local_time":"20191125191342","is_ascension_mode":true,"campfire_choices":[{"data":"Bash","floor":6,"key":"SMITH"},{"data":"Clothesline","floor":8,"key":"SMITH"},{"data":"Shrug It Off","floor":12,"key":"SMITH"},{"data":"Iron Wave","floor":15,"key":"SMITH"}],"neow_cost":"NONE","seed_source_timestamp":1054772916414183,"circlet_count":0,"master_deck":["Strike_R","Strike_R","Strike_R","Strike_R","Strike_R","Defend_R","Defend_R","Defend_R","Defend_R","Bash+1","Clothesline+1","Shrug It Off+1","Regret","Shrug It Off","Iron Wave+1","Seeing Red"],"relics":["Burning Blood","Frozen Egg 2","CeramicFish","Thread and Needle","Lantern","Nunchaku"],"potions_floor_usage":[14],"damage_taken":[{"damage":4,"enemies":"Small Slimes","floor":1,"turns":4},{"damage":0,"enemies":"Cultist","floor":2,"turns":4},{"damage":30,"enemies":"Lagavulin","floor":10,"turns":8},{"damage":0,"enemies":"Jaw Worm","floor":11,"turns":3},{"damage":12,"enemies":"Large Slime","floor":13,"turns":9},{"damage":9,"enemies":"Gremlin Gang","floor":14,"turns":7},{"damage":38,"enemies":"Hexaghost","floor":16,"turns":13}],"seed_played":"-6890275642418224025","potions_obtained":[{"floor":10,"key":"Ancient Potion"},{"floor":13,"key":"FearPotion"}],"is_trial":false,"path_per_floor":["M","M","?","?","?","R","?","R","T","E","M","R","M","M","R","B"],"character_chosen":"IRONCLAD","items_purchased":[],"campfire_rested":0,"item_purchase_floors":[],"current_hp_per_floor":[80,80,73,73,62,62,62,62,62,38,44,44,38,35,35,0],"gold":316,"neow_bonus":"THREE_CARDS","is_prod":false,"is_daily":false,"chose_seed":false,"campfire_upgraded":4,"win_rate":0,"timestamp":1574691222,"path_taken":["M","M","?","?","?","R","?","R","T","E","M","R","?","M","R","BOSS"],"build_version":"2019-10-30","purchased_purges":0,"victory":false,"max_hp_per_floor":[80,80,80,80,80,80,80,80,80,80,80,80,80,80,80,80],"card_choices":[{"not_picked":["Warcry","Reckless Charge"],"picked":"Clothesline","floor":0},{"not_picked":["Clash","Anger"],"picked":"Shrug It Off","floor":1},{"not_picked":["Warcry","Body Slam"],"picked":"Disarm","floor":2},{"not_picked":["Ghostly Armor","Warcry"],"picked":"Shrug It Off","floor":10},{"not_picked":["Pommel Strike","Clothesline","Shrug It Off"],"picked":"SKIP","floor":11},{"not_picked":["Whirlwind","Carnage"],"picked":"Iron Wave","floor":13},{"not_picked":["Power Through","Iron Wave"],"picked":"Seeing Red","floor":14}],"player_experience":98210,"relics_obtained":[{"floor":9,"key":"Lantern"},{"floor":10,"key":"Nunchaku"}],"event_choices":[{"damage_healed":0,"gold_gain":0,"player_choice":"Success","damage_taken":7,"relics_obtained":["Frozen Egg 2"],"max_hp_gain":0,"max_hp_loss":0,"event_name":"Scrap Ooze","floor":3,"gold_loss":0},{"damage_healed":0,"gold_gain":0,"player_choice":"Box","damage_taken":0,"relics_obtained":["CeramicFish"],"max_hp_gain":0,"max_hp_loss":0,"event_name":"Big Fish","floor":4,"gold_loss":0,"cards_obtained":["Regret"]},{"damage_healed":0,"gold_gain":75,"player_choice":"Gather Gold","damage_taken":11,"max_hp_gain":0,"max_hp_loss":0,"event_name":"World of Goop","floor":5,"gold_loss":0},{"cards_removed":["Disarm"],"damage_healed":0,"gold_gain":0,"player_choice":"Gave Card","damage_taken":0,"relics_obtained":["Thread and Needle"],"max_hp_gain":0,"max_hp_loss":0,"event_name":"WeMeetAgain","floor":7,"gold_loss":0}],"is_beta":true,"boss_relics":[],"items_purged_floors":[],"is_endless":false,"potions_floor_spawned":[10,13],"killed_by":"Hexaghost","ascension_level":3}