{"gold_per_floor":[117,117,136,86,105,105,132,149,149,149,149,149,164,182,182,284,334,347,347,347,347,262,262,289,289,289,4,4,23,35,55,55,152,152,170,21,21,21],"floor_reached":39,"playtime":1318,"items_purged":[],"score":679,"play_id":"6be1e7d5-0fb3-4089-a8d9-f17d3a5188ef","local_time":"20191124151325","is_ascension_mode":true,"campfire_choices":[{"data":"Flex","floor":6,"key":"SMITH"},{"data":"Sword Boomerang","floor":12,"key":"SMITH"},{"data":"Shockwave","floor":15,"key":"SMITH"},{"data":"Sword Boomerang","floor":23,"key":"SMITH"},{"data":"Shrug It Off","floor":25,"key":"SMITH"},{"data":"Offering","floor":28,"key":"SMITH"},{"data":"Limit Break","floor":32,"key":"SMITH"}],"neow_cost":"NONE","seed_source_timestamp":953249043280501,"circlet_count":0,"master_deck":["Strike_R","Strike_R","Strike_R","Defend_R","Defend_R","Defend_R","Defend_R+1","Bash","Spot Weakness","Bandage Up","Sword Boomerang+1","Flex+1","Warcry","Shockwave+1","Iron Wave","Twin Strike","Offering+1","Sword Boomerang+1","Shrug It Off+1","Inflame","Battle Trance+1","Limit Break+1","Shrug It Off+1","Reaper"],"relics":["Burning Blood","Akabeko","Potion Belt","Tiny House","MutagenicStrength","White Beast Statue","Sundial","Orichalcum","Bottled Lightning","Busted Crown","Sling"],"potions_floor_usage":[7,13,14,38,38,38,38,38],"damage_taken":[{"damage":3,"enemies":"Jaw Worm","floor":1,"turns":5},{"damage":6,"enemies":"Cultist","floor":3,"turns":4},{"damage":3,"enemies":"Small Slimes","floor":5,"turns":4},{"damage":0,"enemies":"Gremlin Nob","floor":7,"turns":2},{"damage":0,"enemies":"Blue Slaver","floor":8,"turns":1},{"damage":2,"enemies":"2 Fungi Beasts","floor":13,"turns":3},{"damage":6,"enemies":"Lots of Slimes","floor":14,"turns":1},{"damage":27,"enemies":"The Guardian","floor":16,"turns":8},{"damage":7,"enemies":"Chosen","floor":18,"turns":3},{"damage":24,"enemies":"Book of Stabbing","floor":24,"turns":5},{"damage":7,"enemies":"3 Byrds","floor":29,"turns":4},{"damage":6,"enemies":"3 Cultists","floor":30,"turns":2},{"damage":6,"enemies":"Centurion and Healer","floor":31,"turns":1},{"damage":40,"enemies":"Collector","floor":33,"turns":6},{"damage":6,"enemies":"3 Darklings","floor":35,"turns":2},{"damage":58,"enemies":"Time Eater","floor":38,"turns":7}],"seed_played":"-3071775252613755378","potions_obtained":[{"floor":3,"key":"SkillPotion"},{"floor":5,"key":"SteroidPotion"},{"floor":8,"key":"Explosive Potion"},{"floor":14,"key":"FearPotion"},{"floor":16,"key":"Swift Potion"},{"floor":17,"key":"BloodPotion"},{"floor":24,"key":"ColorlessPotion"},{"floor":29,"key":"DuplicationPotion"},{"floor":30,"key":"Dexterity Potion"}],"is_trial":false,"path_per_floor":["M","?","M","?","M","R","E","M","T","$","?","R","M","M","R","B",null,"M","?","?","?","?","R","E","R","T","$","R","M","M","M","R","B",null,"M","$","?","B",null],"character_chosen":"IRONCLAD","items_purchased":["Bottled Lightning","Inflame","Sling"],"campfire_rested":0,"item_purchase_floors":[27,27,36],"current_hp_per_floor":[80,80,80,80,80,80,80,80,80,80,85,85,85,85,85,68,90,90,90,90,90,90,90,76,76,76,76,76,79,83,83,83,53,90,90,90,90,71],"gold":21,"neow_bonus":"REMOVE_CARD","is_prod":false,"is_daily":false,"chose_seed":false,"campfire_upgraded":7,"win_rate":0,"timestamp":1574590405,"path_taken":["M","?","?","?","M","R","E","M","T","$","?","R","M","M","R","BOSS","M","?","?","?","?","R","E","R","T","$","R","M","M","M","R","BOSS","M","$","?","BOSS"],"build_version":"2019-10-30","purchased_purges":0,"victory":true,"max_hp_per_floor":[80,80,80,80,80,80,80,80,80,80,85,85,85,85,85,85,90,90,90,90,90,90,90,90,90,90,90,90,90,90,90,90,90,90,90,90,90,90],"card_choices":[{"not_picked":["Shrug It Off","Intimidate"],"picked":"Spot Weakness","floor":1},{"not_picked":["Wild Strike","Body Slam"],"picked":"Sword Boomerang","floor":3},{"not_picked":["Thunderclap","Twin Strike"],"picked":"Flex","floor":5},{"not_picked":["Feel No Pain","Anger"],"picked":"Warcry","floor":7},{"not_picked":["Pommel Strike","Second Wind"],"picked":"Shockwave","floor":8},{"not_picked":["Headbutt","Combust"],"picked":"Iron Wave","floor":13},{"not_picked":["Corruption","Havoc"],"picked":"Twin Strike","floor":14},{"not_picked":["Juggernaut","Impervious"],"picked":"Offering","floor":16},{"not_picked":["Bloodletting","Armaments"],"picked":"Sword Boomerang","floor":17},{"not_picked":["Metallicize","Armaments"],"picked":"Shrug It Off","floor":18},{"not_picked":["Carnage+1","Armaments+1","Hemokinesis"],"picked":"SKIP","floor":24},{"not_picked":["Anger","Rupture+1"],"picked":"Battle Trance+1","floor":29},{"not_picked":["Sentinel","Infernal Blade+1"],"picked":"Limit Break","floor":30},{"not_picked":["Iron Wave","Wild Strike+1"],"picked":"Shrug It Off+1","floor":31},{"not_picked":["Impervious","Offering"],"picked":"Reaper","floor":33},{"not_picked":["Havoc+1"],"picked":"SKIP","floor":35}],"player_experience":88658,"relics_obtained":[{"floor":7,"key":"Akabeko"},{"floor":9,"key":"Potion Belt"},{"floor":24,"key":"Sundial"},{"floor":26,"key":"Orichalcum"}],"event_choices":[{"damage_healed":0,"gold_gain":0,"player_choice":"1 cards matched","damage_taken":0,"max_hp_gain":0,"max_hp_loss":0,"event_name":"Match and Keep!","floor":2,"gold_loss":0,"cards_obtained":["Bandage Up"]},{"cards_removed":["Strike_R"],"damage_healed":0,"gold_gain":0,"player_choice":"Card Removal","damage_taken":0,"max_hp_gain":0,"max_hp_loss":0,"event_name":"The Cleric","floor":4,"gold_loss":50},{"damage_healed":0,"gold_gain":0,"player_choice":"Donut","damage_taken":0,"max_hp_gain":5,"max_hp_loss":0,"event_name":"Big Fish","floor":11,"gold_loss":0},{"damage_healed":0,"gold_gain":0,"player_choice":"Inject Mutagens","damage_taken":0,"relics_obtained":["MutagenicStrength"],"max_hp_gain":0,"max_hp_loss":0,"event_name":"Drug Dealer","floor":19,"gold_loss":0},{"damage_healed":0,"gold_gain":0,"player_choice":"Ignored","damage_taken":0,"max_hp_gain":0,"max_hp_loss":0,"event_name":"Ghosts","floor":20,"gold_loss":0},{"damage_healed":0,"gold_gain":0,"player_choice":"Ignored","damage_taken":0,"max_hp_gain":0,"max_hp_loss":0,"event_name":"Vampires","floor":21,"gold_loss":0},{"damage_healed":0,"gold_gain":0,"player_choice":"Obtained Relic","damage_taken":0,"relics_obtained":["White Beast Statue"],"max_hp_gain":0,"max_hp_loss":0,"event_name":"Addict","floor":22,"gold_loss":85},{"damage_healed":0,"gold_gain":0,"player_choice":"Took Portal","damage_taken":0,"max_hp_gain":0,"max_hp_loss":0,"event_name":"SecretPortal","floor":37,"gold_loss":0}],"is_beta":true,"boss_relics":[{"not_picked":["Pandora\u0027s Box","Runic Dome"],"picked":"Tiny House"},{"not_picked":["Runic Cube","Mark of Pain"],"picked":"Busted Crown"}],"items_purged_floors":[],"is_endless":false,"potions_floor_spawned":[3,5,8,14,16,24,29,30,31,33,35],"ascension_level":2}