{"gold_per_floor":[119,119,131,131,131,131,142,162,239,514,53,87,99,118,118,217,217,228,228,228,73,87,87,87,87,114,144,155,167,167,179,179,179],"floor_reached":33,"playtime":979,"items_purged":["Regret"],"score":294,"play_id":"ea24e35c-07d6-4ea7-ac02-a2989484fd75","local_time":"20191121213856","is_ascension_mode":true,"campfire_choices":[{"data":"Bloodletting","floor":6,"key":"SMITH"},{"data":"Body Slam","floor":15,"key":"SMITH"},{"floor":23,"key":"DIG"},{"floor":32,"key":"DIG"}],"neow_cost":"NONE","seed_source_timestamp":717511209415345,"circlet_count":0,"master_deck":["Strike_R+1","Defend_R","Defend_R","Defend_R","Defend_R","Bash+1","Bloodletting+1","Dropkick","Warcry","Evolve","Body Slam+1","Body Slam+1","Impervious","Exhume","Double Tap+1","Sever Soul+1","Combust+1","Battle Trance"],"relics":["Burning Blood","Strawberry","Mercury Hourglass","Whetstone","Letter Opener","DollysMirror","Art of War","Shovel","Astrolabe","Red Skull","Bronze Scales","Smiling Mask","Ginger","Tiny Chest","Potion Belt","Anchor"],"potions_floor_usage":[8,28,29,29,33,33],"damage_taken":[{"damage":4,"enemies":"Jaw Worm","floor":1,"turns":6},{"damage":0,"enemies":"Small Slimes","floor":3,"turns":2},{"damage":6,"enemies":"Cultist","floor":7,"turns":3},{"damage":5,"enemies":"3 Louse","floor":8,"turns":2},{"damage":31,"enemies":"Gremlin Nob","floor":12,"turns":5},{"damage":13,"enemies":"Red Slaver","floor":13,"turns":3},{"damage":16,"enemies":"Blue Slaver","floor":14,"turns":3},{"damage":14,"enemies":"Hexaghost","floor":16,"turns":7},{"damage":35,"enemies":"Chosen","floor":18,"turns":6},{"damage":5,"enemies":"3 Byrds","floor":22,"turns":3},{"damage":39,"enemies":"Book of Stabbing","floor":27,"turns":4},{"damage":0,"enemies":"Snecko","floor":28,"turns":2},{"damage":7,"enemies":"Centurion and Healer","floor":29,"turns":3},{"damage":0,"enemies":"Snake Plant","floor":31,"turns":1},{"damage":44,"enemies":"Automaton","floor":33,"turns":6}],"seed_played":"-8840671556099140890","potions_obtained":[{"floor":1,"key":"Energy Potion"},{"floor":12,"key":"Energy Potion"},{"floor":14,"key":"Explosive Potion"},{"floor":16,"key":"FearPotion"},{"floor":27,"key":"EssenceOfSteel"},{"floor":28,"key":"AttackPotion"},{"floor":31,"key":"SteroidPotion"}],"is_trial":false,"path_per_floor":["M","?","M","T","?","R","M","M","T","?","$","E","M","M","R","B",null,"M","?","?","$","M","R","?","T","T","E","M","M","?","M","R","B"],"character_chosen":"IRONCLAD","items_purchased":["Evolve","Body Slam","DollysMirror","Art of War","Bronze Scales"],"campfire_rested":0,"item_purchase_floors":[11,11,11,11,21],"current_hp_per_floor":[87,84,87,87,87,87,87,87,87,87,87,62,55,45,45,37,87,58,58,58,58,59,59,59,59,59,26,32,31,31,37,37,0],"gold":179,"neow_bonus":"RANDOM_COMMON_RELIC","is_prod":false,"is_daily":false,"chose_seed":false,"campfire_upgraded":2,"win_rate":0,"timestamp":1574354336,"path_taken":["M","?","M","?","?","R","?","M","T","?","$","E","?","M","R","BOSS","M","?","?","$","M","R","?","?","T","E","?","M","?","M","R","BOSS"],"build_version":"2019-10-30","purchased_purges":1,"victory":false,"max_hp_per_floor":[87,87,87,87,87,87,87,87,87,87,87,87,87,87,87,87,87,87,87,87,87,87,87,87,87,87,87,87,87,87,87,87,87],"card_choices":[{"not_picked":["Wild Strike","Heavy Blade"],"picked":"Bloodletting","floor":1},{"not_picked":["Dual Wield","Havoc","Armaments"],"picked":"SKIP","floor":3},{"not_picked":["Hemokinesis","Feel No Pain"],"picked":"Dropkick","floor":7},{"not_picked":["Headbutt","Reckless Charge"],"picked":"Warcry","floor":8},{"not_picked":["Sever Soul","Twin Strike","Brutality"],"picked":"SKIP","floor":12},{"not_picked":["True Grit","Clash","Havoc"],"picked":"SKIP","floor":13},{"not_picked":["Shockwave","Twin Strike"],"picked":"Impervious","floor":14},{"not_picked":["Bludgeon","Limit Break"],"picked":"Exhume","floor":16},{"not_picked":["Burning Pact","Pommel Strike","Twin Strike"],"picked":"SKIP","floor":18},{"not_picked":["Twin Strike","Cleave","Headbutt"],"picked":"SKIP","floor":22},{"not_picked":["Evolve","Twin Strike","Second Wind"],"picked":"SKIP","floor":27},{"not_picked":["Inflame+1","Limit Break"],"picked":"Battle Trance","floor":28},{"not_picked":["True Grit","Sentinel","Searing Blow+1"],"picked":"SKIP","floor":29},{"not_picked":["Headbutt+1","Clash","Body Slam"],"picked":"SKIP","floor":31}],"player_experience":82634,"relics_obtained":[{"floor":4,"key":"Whetstone"},{"floor":9,"key":"Letter Opener"},{"floor":12,"key":"Shovel"},{"floor":23,"key":"Smiling Mask"},{"floor":25,"key":"Ginger"},{"floor":26,"key":"Tiny Chest"},{"floor":27,"key":"Potion Belt"},{"floor":32,"key":"Anchor"}],"event_choices":[{"damage_healed":0,"gold_gain":0,"player_choice":"Success","damage_taken":3,"relics_obtained":["Mercury Hourglass"],"max_hp_gain":0,"max_hp_loss":0,"event_name":"Scrap Ooze","floor":2,"gold_loss":0},{"cards_removed":["Strike_R"],"damage_healed":0,"gold_gain":0,"player_choice":"Offered Basic","damage_taken":0,"max_hp_gain":0,"max_hp_loss":0,"event_name":"Bonfire Elementals","floor":5,"gold_loss":0},{"damage_healed":0,"gold_gain":275,"player_choice":"Desecrate","damage_taken":0,"max_hp_gain":0,"max_hp_loss":0,"event_name":"Golden Shrine","floor":10,"gold_loss":0,"cards_obtained":["Regret"]},{"damage_healed":0,"gold_gain":0,"player_choice":"Opened","damage_taken":0,"relics_obtained":["Red Skull"],"max_hp_gain":0,"max_hp_loss":0,"event_name":"The Mausoleum","floor":20,"gold_loss":0},{"damage_healed":0,"gold_gain":0,"player_choice":"Ignored","damage_taken":0,"max_hp_gain":0,"max_hp_loss":0,"event_name":"Beggar","floor":24,"gold_loss":0},{"damage_healed":0,"gold_gain":0,"player_choice":"Forge","damage_taken":0,"max_hp_gain":0,"max_hp_loss":0,"event_name":"Accursed Blacksmith","floor":30,"gold_loss":0,"cards_upgraded":["Body Slam"]}],"is_beta":true,"boss_relics":[{"not_picked":["Tiny House","Snecko Eye"],"picked":"Astrolabe"}],"items_purged_floors":[11],"is_endless":false,"potions_floor_spawned":[1,12,14,16,27,28,31],"killed_by":"Automaton","ascension_level":2}