{"gold_per_floor":[114,114,129,92,267,267,14,14,38,38,38,54,54,92,92,217,217,235,260,359,284,297,333,333,352,405,147,147,147,166,266,266,363,363,378,427,427,427,427,427,186,212,212,212,228,240,240,20,20,20],"floor_reached":51,"playtime":1817,"items_purged":["Doubt","Bash"],"score":976,"play_id":"5896ae99-7b03-40ce-88e4-def95e56392b","local_time":"20191127234804","is_ascension_mode":true,"campfire_choices":[{"data":"Body Slam","floor":6,"key":"SMITH"},{"data":"Power Through","floor":8,"key":"SMITH"},{"data":"Flame Barrier","floor":13,"key":"SMITH"},{"data":"Headbutt","floor":15,"key":"SMITH"},{"floor":28,"key":"REST"},{"data":"Entrench","floor":32,"key":"SMITH"},{"floor":40,"key":"REST"},{"floor":44,"key":"REST"},{"floor":49,"key":"REST"}],"neow_cost":"NONE","seed_source_timestamp":1242852576719203,"circlet_count":0,"master_deck":["Strike_R","Strike_R","Defend_R+1","Defend_R","Defend_R","Headbutt+1","Body Slam+1","Power Through+1","Flame Barrier+1","Double Tap","Anger+1","Disarm+1","Sword Boomerang+1","Body Slam+1","Shrug It Off+1","Fire Breathing+1","Entrench+1","Battle Trance","Offering","Infernal Blade","Corruption","Dramatic Entrance+1","Barricade","Warcry","Madness","Madness","Dark Embrace","Disarm","True Grit"],"relics":["Burning Blood","NeowsBlessing","Molten Egg 2","Bronze Scales","Bloody Idol","Question Card","Dream Catcher","Astrolabe","Gremlin Horn","War Paint","Singing Bowl","Dead Branch","Blue Candle","Fusion Hammer","Incense Burner","Shuriken","Lantern"],"potions_floor_usage":[14,16,25,31,33,46],"damage_taken":[{"damage":0,"enemies":"Cultist","floor":1,"turns":1},{"damage":0,"enemies":"Jaw Worm","floor":3,"turns":1},{"damage":0,"enemies":"2 Louse","floor":12,"turns":1},{"damage":0,"enemies":"Gremlin Nob","floor":14,"turns":4},{"damage":20,"enemies":"The Guardian","floor":16,"turns":9},{"damage":7,"enemies":"Chosen","floor":18,"turns":4},{"damage":0,"enemies":"3 Byrds","floor":19,"turns":5},{"damage":53,"enemies":"3 Cultists","floor":22,"turns":6},{"damage":10,"enemies":"Book of Stabbing","floor":23,"turns":6},{"damage":19,"enemies":"Snake Plant","floor":25,"turns":2},{"damage":0,"enemies":"Centurion and Healer","floor":30,"turns":6},{"damage":0,"enemies":"Colosseum Slavers","floor":31,"turns":3},{"damage":29,"enemies":"Colosseum Nobs","floor":31,"turns":5},{"damage":83,"enemies":"Automaton","floor":33,"turns":11},{"damage":6,"enemies":"3 Darklings","floor":35,"turns":3},{"damage":36,"enemies":"2 Orb Walkers","floor":36,"turns":4},{"damage":19,"enemies":"Nemesis","floor":42,"turns":3},{"damage":10,"enemies":"3 Shapes","floor":45,"turns":4},{"damage":1,"enemies":"Spire Growth","floor":46,"turns":3},{"damage":7,"enemies":"Donu and Deca","floor":50,"turns":2}],"seed_played":"-4481867739718528072","potions_obtained":[{"floor":1,"key":"ColorlessPotion"},{"floor":3,"key":"Block Potion"},{"floor":16,"key":"FairyPotion"},{"floor":18,"key":"ElixirPotion"},{"floor":22,"key":"Swift Potion"},{"floor":23,"key":"Dexterity Potion"},{"floor":25,"key":"AttackPotion"},{"floor":35,"key":"Fire Potion"},{"floor":45,"key":"LiquidMemories"},{"floor":46,"key":"ElixirPotion"}],"is_trial":false,"path_per_floor":["M","$","M","$","?","R","$","R","T","?","T","M","R","E","R","B",null,"M","M","?","$","M","E","?","M","T","$","R","?","M","?","R","B",null,"M","?","?","?","$","R","$","E","T","R","M","M","?","$","R","B",null],"character_chosen":"IRONCLAD","items_purchased":["Power Through","Molten Egg 2","Singing Bowl","Corruption","Dramatic Entrance+1","Dark Embrace","Disarm"],"campfire_rested":4,"item_purchase_floors":[4,7,27,41,41,48,48],"current_hp_per_floor":[80,80,80,80,80,80,80,80,80,60,60,66,66,72,72,58,80,79,80,80,80,33,29,29,21,26,26,52,52,63,53,53,20,84,86,63,63,63,63,90,90,82,82,92,92,94,82,82,94,93],"gold":20,"neow_bonus":"THREE_ENEMY_KILL","is_prod":false,"is_daily":false,"chose_seed":false,"campfire_upgraded":5,"win_rate":0,"timestamp":1574880484,"path_taken":["M","$","?","$","?","R","$","R","T","?","?","?","R","E","R","BOSS","M","M","?","$","M","E","?","M","T","$","R","?","M","?","R","BOSS","M","?","?","?","$","R","$","E","T","R","M","?","?","?","R","BOSS"],"build_version":"2019-10-30","purchased_purges":2,"victory":true,"max_hp_per_floor":[80,80,80,80,80,80,80,80,80,80,80,80,80,80,80,80,80,80,80,80,80,80,80,80,80,80,80,82,82,82,84,84,84,84,86,88,88,88,88,90,90,90,90,92,92,94,94,94,94,94],"card_choices":[{"not_picked":["Bloodletting","Hemokinesis"],"picked":"Headbutt","floor":1},{"not_picked":["Wild Strike","Havoc"],"picked":"Body Slam","floor":3},{"not_picked":["Heavy Blade+1","Clash+1","Iron Wave+1"],"picked":"Flame Barrier","floor":12},{"not_picked":["Exhume","Perfected Strike+1","Dropkick+1","Sever Soul+1"],"picked":"SKIP","floor":14},{"not_picked":["Exhume","Reaper+1","Brutality"],"picked":"Double Tap","floor":16},{"not_picked":["Perfected Strike+1","Evolve","Twin Strike+1"],"picked":"Body Slam+1","floor":18},{"not_picked":["Rampage+1","Anger+1","Havoc","Thunderclap+1"],"picked":"SKIP","floor":19},{"not_picked":["Perfected Strike+1","Reaper+1","Armaments"],"picked":"Shrug It Off","floor":22},{"not_picked":["Intimidate","Shockwave","Sentinel"],"picked":"Fire Breathing+1","floor":23},{"not_picked":["Body Slam+1","True Grit","Wild Strike+1"],"picked":"Entrench","floor":25},{"not_picked":["Wild Strike+1","Warcry","Pommel Strike+1","Armaments"],"picked":"Singing Bowl","floor":28},{"not_picked":["Hemokinesis+1","Havoc","Sword Boomerang+1"],"picked":"Battle Trance","floor":30},{"not_picked":["Rampage+1","Combust","Shrug It Off","Cleave+1"],"picked":"Singing Bowl","floor":31},{"not_picked":["Demon Form","Feed+1","Exhume"],"picked":"Offering","floor":33},{"not_picked":["Armaments","Rampage+1","Anger+1","Headbutt+1"],"picked":"Singing Bowl","floor":35},{"not_picked":["Uppercut+1","Cleave+1","True Grit+1","Reaper+1"],"picked":"Singing Bowl","floor":36},{"not_picked":["Shrug It Off+1","Sentinel+1","Anger+1","Headbutt+1"],"picked":"Singing Bowl","floor":40},{"not_picked":["Iron Wave+1","Thunderclap+1","Exhume"],"picked":"Barricade","floor":42},{"not_picked":["Anger+1","Ghostly Armor","Wild Strike+1","Clothesline+1"],"picked":"Singing Bowl","floor":44},{"not_picked":["Shrug It Off","True Grit","Clothesline+1"],"picked":"Warcry","floor":45},{"not_picked":["Heavy Blade+1","Headbutt+1","Thunderclap+1","Juggernaut"],"picked":"Singing Bowl","floor":46},{"not_picked":["Sword Boomerang+1","Twin Strike+1","Heavy Blade+1"],"picked":"True Grit","floor":49}],"player_experience":99552,"relics_obtained":[{"floor":9,"key":"Bronze Scales"},{"floor":11,"key":"Question Card"},{"floor":14,"key":"Dream Catcher"},{"floor":23,"key":"Gremlin Horn"},{"floor":26,"key":"War Paint"},{"floor":31,"key":"Dead Branch"},{"floor":31,"key":"Blue Candle"},{"floor":36,"key":"Incense Burner"},{"floor":42,"key":"Shuriken"},{"floor":43,"key":"Lantern"}],"event_choices":[{"damage_healed":0,"gold_gain":175,"player_choice":"AGREE","damage_taken":0,"max_hp_gain":0,"max_hp_loss":0,"event_name":"Liars Game","floor":5,"gold_loss":0,"cards_obtained":["Doubt"]},{"damage_healed":0,"gold_gain":0,"player_choice":"Take Damage","damage_taken":20,"relics_obtained":["Golden Idol"],"max_hp_gain":0,"max_hp_loss":0,"event_name":"Golden Idol","floor":10,"gold_loss":0},{"damage_healed":0,"gold_gain":99,"player_choice":"Stole From Cult","damage_taken":0,"max_hp_gain":0,"max_hp_loss":0,"event_name":"Nest","floor":20,"gold_loss":0},{"damage_healed":0,"gold_gain":0,"player_choice":"Gave Idol","damage_taken":0,"relics_obtained":["Bloody Idol"],"max_hp_gain":0,"max_hp_loss":0,"event_name":"Forgotten Altar","floor":24,"relics_lost":["Golden Idol"],"gold_loss":0},{"damage_healed":0,"gold_gain":0,"player_choice":"Ignored","damage_taken":0,"max_hp_gain":0,"max_hp_loss":0,"event_name":"Cursed Tome","floor":29,"gold_loss":0},{"damage_healed":0,"gold_gain":0,"player_choice":"Fight","damage_taken":0,"max_hp_gain":0,"max_hp_loss":0,"event_name":"Colosseum","floor":31,"gold_loss":0},{"damage_healed":0,"gold_gain":0,"player_choice":"Fought Nobs","damage_taken":0,"max_hp_gain":0,"max_hp_loss":0,"event_name":"Colosseum","floor":31,"gold_loss":0},{"damage_healed":0,"gold_gain":0,"player_choice":"Fight","damage_taken":0,"max_hp_gain":0,"max_hp_loss":0,"event_name":"Mysterious Sphere","floor":36,"gold_loss":0},{"damage_healed":0,"gold_gain":0,"player_choice":"Ignored","damage_taken":0,"max_hp_gain":0,"max_hp_loss":0,"event_name":"Tomb of Lord Red Mask","floor":37,"gold_loss":0},{"damage_healed":0,"gold_gain":0,"cards_transformed":["Defend_R"],"player_choice":"Transformed","damage_taken":0,"max_hp_gain":0,"max_hp_loss":0,"event_name":"Transmorgrifier","floor":38,"gold_loss":0,"cards_obtained":["Infernal Blade"]},{"damage_healed":0,"gold_gain":0,"player_choice":"Embrace Madness","damage_taken":12,"max_hp_gain":0,"max_hp_loss":0,"event_name":"Winding Halls","floor":47,"gold_loss":0,"cards_obtained":["Madness","Madness"]}],"is_beta":true,"boss_relics":[{"not_picked":["Velvet Choker","Runic Cube"],"picked":"Astrolabe"},{"not_picked":["Tiny House","Black Star"],"picked":"Fusion Hammer"}],"items_purged_floors":[21,48],"is_endless":false,"potions_floor_spawned":[1,3,16,18,22,23,25,35,45,46],"ascension_level":3}