{"gold_per_floor":[128,90,102,114,51,51,66,66,66,81,101,101,120,32,32,127,127,141,141,141,94,109,136,46,46,46,3,18,18,18,50,50,50],"floor_reached":33,"playtime":1188,"items_purged":["Regret"],"score":298,"play_id":"b7269571-768f-471f-a857-5c1940c3232e","local_time":"20191118205231","is_ascension_mode":true,"campfire_choices":[{"data":"Bash","floor":6,"key":"SMITH"},{"data":"Body Slam","floor":8,"key":"SMITH"},{"data":"Body Slam","floor":12,"key":"SMITH"},{"data":"Defend_R","floor":15,"key":"SMITH"},{"data":"Entrench","floor":25,"key":"SMITH"},{"data":"Shrug It Off","floor":29,"key":"SMITH"},{"data":"Entrench","floor":32,"key":"SMITH"}],"neow_cost":"NONE","seed_source_timestamp":455291470706944,"circlet_count":0,"master_deck":["Strike_R","Defend_R+1","Defend_R+1","Defend_R+1","Bash+1","Body Slam+1","Body Slam+1","Blind+1","Entrench+1","Shrug It Off+1","Ghostly Armor+1","Shrug It Off","Entrench+1"],"relics":["Burning Blood","MawBank","War Paint","MealTicket","Empty Cage","Nunchaku","The Courier","White Beast Statue"],"potions_floor_usage":[23,28,33],"damage_taken":[{"damage":4,"enemies":"Small Slimes","floor":1,"turns":4},{"damage":7,"enemies":"2 Louse","floor":7,"turns":3},{"damage":0,"enemies":"Jaw Worm","floor":10,"turns":3},{"damage":9,"enemies":"2 Fungi Beasts","floor":11,"turns":4},{"damage":11,"enemies":"Exordium Wildlife","floor":13,"turns":3},{"damage":33,"enemies":"The Guardian","floor":16,"turns":12},{"damage":16,"enemies":"Shell Parasite","floor":18,"turns":6},{"damage":17,"enemies":"Chosen","floor":22,"turns":6},{"damage":19,"enemies":"Slavers","floor":23,"turns":8},{"damage":0,"enemies":"3 Cultists","floor":28,"turns":6},{"damage":45,"enemies":"Gremlin Leader","floor":31,"turns":9},{"damage":66,"enemies":"Champ","floor":33,"turns":14}],"seed_played":"-1743886023869068870","potions_obtained":[{"floor":7,"key":"DuplicationPotion"},{"floor":10,"key":"SmokeBomb"},{"floor":20,"key":"FairyPotion"},{"floor":20,"key":"AttackPotion"},{"floor":28,"key":"Weak Potion"}],"is_trial":false,"path_per_floor":["M","?","?","?","$","R","M","R","T","M","M","R","M","$","R","B",null,"M","?","?","$","M","E","?","R","T","$","M","R","?","E","R","B"],"character_chosen":"IRONCLAD","items_purchased":["Blind","Shrug It Off","Shrug It Off"],"campfire_rested":0,"item_purchase_floors":[14,21,27],"current_hp_per_floor":[80,80,73,73,73,73,72,72,72,78,75,75,70,80,80,53,80,70,55,55,70,59,46,46,46,46,61,67,67,67,28,28,0],"gold":50,"neow_bonus":"RANDOM_COMMON_RELIC","is_prod":false,"is_daily":false,"chose_seed":false,"campfire_upgraded":7,"win_rate":0,"timestamp":1574092351,"path_taken":["M","?","?","?","$","R","M","R","T","M","M","R","M","$","R","BOSS","M","?","?","$","?","E","?","R","T","?","?","R","?","E","R","BOSS"],"build_version":"2019-10-30","purchased_purges":1,"victory":false,"max_hp_per_floor":[80,80,80,80,80,80,80,80,80,80,80,80,80,80,80,80,80,80,85,85,85,85,85,85,85,85,85,85,85,85,85,85,85],"card_choices":[{"not_picked":["Twin Strike","Rage","Bloodletting"],"picked":"SKIP","floor":1},{"not_picked":["True Grit","Havoc"],"picked":"Body Slam","floor":7},{"not_picked":["Reckless Charge","Warcry","Iron Wave"],"picked":"SKIP","floor":10},{"not_picked":["True Grit","Perfected Strike"],"picked":"Body Slam","floor":11},{"not_picked":["True Grit","Warcry","Combust"],"picked":"SKIP","floor":13},{"not_picked":["True Grit","Disarm"],"picked":"Entrench","floor":18},{"not_picked":["Reckless Charge","Intimidate"],"picked":"Ghostly Armor+1","floor":22},{"not_picked":["Thunderclap","Brutality","Clash+1"],"picked":"SKIP","floor":23},{"not_picked":["Burning Pact","Bloodletting","Iron Wave"],"picked":"SKIP","floor":28},{"not_picked":["Thunderclap","Clash","Iron Wave+1"],"picked":"SKIP","floor":31}],"player_experience":79542,"relics_obtained":[{"floor":9,"key":"MealTicket"},{"floor":23,"key":"Nunchaku"},{"floor":26,"key":"The Courier"},{"floor":31,"key":"White Beast Statue"}],"event_choices":[{"cards_removed":["Strike_R"],"damage_healed":0,"gold_gain":0,"player_choice":"Card Removal","damage_taken":0,"max_hp_gain":0,"max_hp_loss":0,"event_name":"The Cleric","floor":2,"gold_loss":50},{"cards_removed":["Defend_R"],"damage_healed":0,"gold_gain":0,"player_choice":"Card Removal","damage_taken":7,"max_hp_gain":0,"max_hp_loss":0,"event_name":"Golden Wing","floor":3,"gold_loss":0},{"damage_healed":0,"gold_gain":0,"player_choice":"Box","damage_taken":0,"relics_obtained":["War Paint"],"max_hp_gain":0,"max_hp_loss":0,"event_name":"Big Fish","floor":4,"gold_loss":0,"cards_obtained":["Regret"]},{"damage_healed":0,"gold_gain":0,"player_choice":"Shed Blood","damage_taken":20,"max_hp_gain":5,"max_hp_loss":0,"event_name":"Forgotten Altar","floor":19,"gold_loss":0},{"damage_healed":0,"gold_gain":0,"player_choice":"Got Potions","damage_taken":0,"max_hp_gain":0,"max_hp_loss":0,"event_name":"Lab","floor":20,"gold_loss":0},{"cards_removed":["Strike_R"],"damage_healed":0,"gold_gain":0,"player_choice":"Upgrade and Remove","damage_taken":0,"max_hp_gain":0,"max_hp_loss":0,"event_name":"Designer","floor":24,"gold_loss":90,"cards_upgraded":["Blind"]},{"damage_healed":0,"gold_gain":0,"player_choice":"1 cards matched","damage_taken":0,"max_hp_gain":0,"max_hp_loss":0,"event_name":"Match and Keep!","floor":30,"gold_loss":0,"cards_obtained":["Entrench"]}],"is_beta":true,"boss_relics":[{"not_picked":["Coffee Dripper","Runic Cube"],"picked":"Empty Cage"}],"items_purged_floors":[5],"is_endless":false,"potions_floor_spawned":[7,10,22,28],"killed_by":"Champ","ascension_level":2}