{"gold_per_floor":[112,34,34,109,109,109,120,120,146,172,188,206,226,5,5,106,106,116,116,128,145,107,135,135,135,211,211,211,225,245,194,194,194],"floor_reached":33,"playtime":918,"items_purged":[],"score":348,"play_id":"a05af603-7dc3-43fc-9719-d8279627a88c","local_time":"20191206225902","is_ascension_mode":true,"campfire_choices":[{"data":"Fire Breathing","floor":6,"key":"SMITH"},{"data":"Reckless Charge","floor":8,"key":"SMITH"},{"data":"Body Slam","floor":15,"key":"SMITH"},{"data":"Fire Breathing","floor":25,"key":"SMITH"},{"data":"1","floor":32,"key":"LIFT"}],"neow_cost":"NONE","seed_source_timestamp":2018454558190676,"circlet_count":0,"master_deck":["Strike_R","Strike_R","Defend_R","Defend_R","Defend_R","Defend_R","Bash","Power Through","Fire Breathing+1","Reckless Charge+1","Battle Trance","Body Slam+1","Body Slam","Battle Trance","Double Tap","Reckless Charge+1","Disarm+1","Fiend Fire+1","Reckless Charge+1","Intimidate","Fire Breathing+1","Power Through","Warcry","Shockwave"],"special_seed":0,"relics":["Burning Blood","NeowsBlessing","NlothsMask","Mercury Hourglass","Orrery","Astrolabe","Girya","Shuriken","Kunai"],"potions_floor_usage":[16,33,33],"damage_taken":[{"damage":0.0,"enemies":"Jaw Worm","floor":1.0,"turns":1.0},{"damage":0,"enemies":"Small Slimes","floor":7,"turns":1},{"damage":0,"enemies":"Lagavulin","floor":10,"turns":1},{"damage":1,"enemies":"Cultist","floor":11,"turns":3},{"damage":0,"enemies":"Large Slime","floor":12,"turns":4},{"damage":6,"enemies":"Looter","floor":13,"turns":3},{"damage":37,"enemies":"The Guardian","floor":16,"turns":8},{"damage":7,"enemies":"2 Thieves","floor":18,"turns":3},{"damage":26,"enemies":"Shell Parasite","floor":20,"turns":6},{"damage":15,"enemies":"Chosen and Byrds","floor":21,"turns":4},{"damage":18,"enemies":"Gremlin Leader","floor":23,"turns":7},{"damage":21,"enemies":"Snake Plant","floor":29,"turns":5},{"damage":24,"enemies":"Shelled Parasite and Fungi","floor":30,"turns":4},{"damage":33,"enemies":"Collector","floor":33,"turns":4}],"seed_played":"-4951880186750499196","potions_obtained":[{"floor":12,"key":"PowerPotion"},{"floor":20,"key":"ElixirPotion"},{"floor":23,"key":"Ancient Potion"},{"floor":29,"key":"DistilledChaos"}],"is_trial":false,"path_per_floor":["M","$","?","?","?","R","M","R","T","E","M","M","M","$","R","B",null,"M","$","M","M","$","E","?","R","T","?","?","M","M","$","R","B"],"character_chosen":"IRONCLAD","items_purchased":["Fire Breathing","Orrery","Battle Trance","Fire Breathing","PowerPotion"],"campfire_rested":0,"item_purchase_floors":[2,14,14,22,31],"current_hp_per_floor":[80,80,80,69,69,69,75,75,75,80,80,80,80,80,80,49,80,79,79,59,50,50,38,64,64,64,64,64,49,31,31,31,0],"gold":194,"neow_bonus":"THREE_ENEMY_KILL","is_prod":false,"is_daily":false,"chose_seed":false,"campfire_upgraded":4,"win_rate":0,"timestamp":1575655142,"path_taken":["M","$","?","?","?","R","M","R","T","E","?","M","M","$","R","BOSS","M","$","M","M","$","E","?","R","T","?","?","M","M","$","R","BOSS"],"build_version":"2019-10-30","purchased_purges":0,"victory":false,"max_hp_per_floor":[80,80,80,80,80,80,80,80,80,80,80,80,80,80,80,80,80,80,80,80,80,80,80,80,80,80,80,80,80,80,80,80,80],"card_choices":[{"not_picked":["Sword Boomerang","Ghostly Armor"],"picked":"Power Through","floor":1.0},{"not_picked":["Spot Weakness","True Grit"],"picked":"Reckless Charge","floor":7},{"not_picked":["Sword Boomerang","Carnage","Heavy Blade"],"picked":"SKIP","floor":10},{"not_picked":["Cleave","Havoc"],"picked":"Battle Trance","floor":11},{"not_picked":["Uppercut","Shockwave","Whirlwind"],"picked":"SKIP","floor":12},{"not_picked":["Headbutt","True Grit","Sentinel"],"picked":"SKIP","floor":13},{"not_picked":["Cleave","Demon Form"],"picked":"Body Slam","floor":14},{"not_picked":["Sword Boomerang","Armaments"],"picked":"Body Slam","floor":14},{"not_picked":["Bludgeon","Demon Form"],"picked":"Double Tap","floor":16},{"not_picked":["Second Wind","Clash+1","Clothesline"],"picked":"SKIP","floor":18},{"not_picked":["Infernal Blade","Sentinel+1"],"picked":"Reckless Charge+1","floor":20},{"not_picked":["Iron Wave","Anger+1"],"picked":"Intimidate","floor":21},{"not_picked":["Clothesline","Flex"],"picked":"Power Through","floor":23},{"not_picked":["Iron Wave","Flex"],"picked":"Warcry","floor":29},{"not_picked":["Havoc","Anger"],"picked":"Shockwave","floor":30}],"player_experience":117921,"relics_obtained":[{"floor":10,"key":"Mercury Hourglass"},{"floor":23,"key":"Girya"},{"floor":26,"key":"Shuriken"}],"event_choices":[{"damage_healed":0,"gold_gain":0,"player_choice":"Fled","damage_taken":0,"max_hp_gain":0,"max_hp_loss":0,"event_name":"Scrap Ooze","floor":3,"gold_loss":0},{"damage_healed":0,"gold_gain":75,"player_choice":"Gather Gold","damage_taken":11,"max_hp_gain":0,"max_hp_loss":0,"event_name":"World of Goop","floor":4,"gold_loss":0},{"damage_healed":0,"gold_gain":0,"player_choice":"Trade","damage_taken":0,"relics_obtained":["NlothsMask"],"max_hp_gain":0,"max_hp_loss":0,"event_name":"FaceTrader","floor":5,"gold_loss":0},{"damage_healed":26,"gold_gain":0,"player_choice":"Heal","damage_taken":0,"max_hp_gain":0,"max_hp_loss":0,"event_name":"The Library","floor":24,"gold_loss":0},{"damage_healed":0,"gold_gain":0,"player_choice":"Ignored","damage_taken":0,"max_hp_gain":0,"max_hp_loss":0,"event_name":"Ghosts","floor":27,"gold_loss":0},{"damage_healed":0,"gold_gain":0,"player_choice":"Gave Potion","damage_taken":0,"relics_obtained":["Kunai"],"max_hp_gain":0,"max_hp_loss":0,"event_name":"WeMeetAgain","floor":28,"gold_loss":0}],"is_beta":true,"boss_relics":[{"not_picked":["Sozu","Empty Cage"],"picked":"Astrolabe"}],"items_purged_floors":[],"is_endless":false,"potions_floor_spawned":[12,20,23,29],"killed_by":"Collector","ascension_level":4}