{"gold_per_floor":[113,128,128,145,158,158,189,189,189,189,36,51,51,51],"floor_reached":14,"playtime":479,"items_purged":[],"score":133,"play_id":"28553ffc-c046-41a4-ab18-008b81d6e99d","local_time":"20191201123143","is_ascension_mode":true,"campfire_choices":[{"data":"Body Slam","floor":6.0,"key":"SMITH"},{"data":"Body Slam","floor":8,"key":"SMITH"}],"neow_cost":"PERCENT_DAMAGE","seed_source_timestamp":1549227441094494,"circlet_count":0,"master_deck":["Strike_R","Strike_R","Strike_R","Defend_R","Defend_R","Defend_R","Defend_R","Bash","Body Slam+1","Body Slam+1","Shockwave","Battle Trance","Exhume"],"special_seed":0,"relics":["Burning Blood","Omamori","White Beast Statue","Art of War"],"potions_floor_usage":[],"damage_taken":[{"damage":5.0,"enemies":"2 Louse","floor":1.0,"turns":4.0},{"damage":6.0,"enemies":"Cultist","floor":2.0,"turns":3.0},{"damage":9.0,"enemies":"Jaw Worm","floor":4.0,"turns":5.0},{"damage":3.0,"enemies":"Exordium Thugs","floor":5.0,"turns":5.0},{"damage":37,"enemies":"3 Sentries","floor":7,"turns":11},{"damage":16,"enemies":"Exordium Wildlife","floor":12,"turns":5},{"damage":35,"enemies":"Large Slime","floor":14,"turns":7}],"seed_played":"6445236598167414713","potions_obtained":[{"floor":1.0,"key":"Fire Potion"},{"floor":2.0,"key":"Block Potion"},{"floor":12,"key":"SteroidPotion"}],"is_trial":false,"path_per_floor":["M","M","?","M","M","R","E","R","T","?","$","M","$","M"],"character_chosen":"IRONCLAD","items_purchased":["Art of War"],"campfire_rested":0,"item_purchase_floors":[11],"current_hp_per_floor":[73,73,73,70,73,73,42,42,42,42,42,32,32,0],"gold":51,"neow_bonus":"TWENTY_PERCENT_HP_BONUS","is_prod":false,"is_daily":false,"chose_seed":false,"campfire_upgraded":2,"win_rate":0,"timestamp":1575185503,"path_taken":["M","M","?","?","?","R","E","R","T","?","$","?","$","M"],"build_version":"2019-10-30","purchased_purges":0,"victory":false,"max_hp_per_floor":[96,96,96,96,96,96,96,96,96,96,96,96,96,96],"card_choices":[{"not_picked":["Second Wind","Sever Soul"],"picked":"Body Slam","floor":1.0},{"not_picked":["Sword Boomerang","Havoc"],"picked":"Body Slam","floor":2.0},{"not_picked":["Twin Strike","Inflame"],"picked":"Shockwave","floor":4.0},{"not_picked":["Rupture","Disarm"],"picked":"Battle Trance","floor":5.0},{"not_picked":["Anger","Heavy Blade"],"picked":"Exhume","floor":7},{"not_picked":["Clothesline","Pommel Strike","True Grit"],"picked":"SKIP","floor":12}],"player_experience":111804,"relics_obtained":[{"floor":7,"key":"Omamori"},{"floor":9,"key":"White Beast Statue"}],"event_choices":[{"cards_removed":["Strike_R"],"damage_healed":0.0,"max_hp_gain":0.0,"max_hp_loss":0.0,"gold_gain":0.0,"event_name":"Bonfire Elementals","player_choice":"Offered Basic","floor":3.0,"gold_loss":0.0,"damage_taken":0.0},{"cards_removed":["Strike_R"],"damage_healed":0,"gold_gain":0,"player_choice":"Purged","damage_taken":0,"max_hp_gain":0,"max_hp_loss":0,"event_name":"Purifier","floor":10,"gold_loss":0}],"is_beta":true,"boss_relics":[],"items_purged_floors":[],"is_endless":false,"potions_floor_spawned":[1,2,12],"killed_by":"Large Slime","ascension_level":4}