{"gold_per_floor":[116,191,191,191,210,210,241,241,241,241,241,257,532,552,552,552],"floor_reached":16,"playtime":523,"items_purged":[],"score":118,"play_id":"75b188ca-9c6a-47ff-810f-58a85bbcdeb0","local_time":"20191210111606","is_ascension_mode":true,"campfire_choices":[{"data":"Twin Strike","floor":10,"key":"SMITH"},{"data":"Fire Breathing","floor":15,"key":"SMITH"}],"neow_cost":"NONE","seed_source_timestamp":2322323293948937,"circlet_count":0,"master_deck":["Strike_R","Strike_R","Strike_R","Strike_R","Strike_R","Defend_R","Defend_R","Defend_R","Defend_R","Bash","Shrug It Off","Twin Strike+1","Injury","Fire Breathing+1","Regret","Shrug It Off"],"relics":["Burning Blood","Ancient Tea Set","HornCleat","Regal Pillow","Bag of Preparation","Golden Idol"],"potions_floor_usage":[14,16],"damage_taken":[{"damage":6,"enemies":"Cultist","floor":1,"turns":3},{"damage":2,"enemies":"Jaw Worm","floor":5,"turns":5},{"damage":30,"enemies":"3 Sentries","floor":7,"turns":11},{"damage":0,"enemies":"2 Louse","floor":12,"turns":2},{"damage":5,"enemies":"Exordium Thugs","floor":14,"turns":3},{"damage":79,"enemies":"The Guardian","floor":16,"turns":17}],"seed_played":"7169254476010046476","potions_obtained":[{"floor":5,"key":"ElixirPotion"},{"floor":7,"key":"ColorlessPotion"}],"is_trial":false,"path_per_floor":["M","?","?","$","M","?","E","$","T","R","?","M","?","M","R","B"],"character_chosen":"IRONCLAD","items_purchased":[],"campfire_rested":0,"item_purchase_floors":[],"current_hp_per_floor":[80,69,69,69,73,73,49,49,49,49,49,55,55,56,56,0],"gold":552,"neow_bonus":"RANDOM_COMMON_RELIC","is_prod":false,"is_daily":false,"chose_seed":false,"campfire_upgraded":2,"win_rate":0,"timestamp":1575958566,"path_taken":["M","?","?","?","?","?","E","?","T","R","?","M","?","?","R","BOSS"],"build_version":"2019-10-30","purchased_purges":0,"victory":false,"max_hp_per_floor":[80,80,80,80,80,80,80,80,80,80,80,80,80,80,80,80],"card_choices":[{"not_picked":["Wild Strike","Flex"],"picked":"Shrug It Off","floor":1},{"not_picked":["Seeing Red","Feel No Pain"],"picked":"Twin Strike","floor":5},{"not_picked":["Clash","Searing Blow","Rage"],"picked":"SKIP","floor":7},{"not_picked":["Body Slam","Clash"],"picked":"Fire Breathing","floor":12},{"not_picked":["Sentinel","Havoc"],"picked":"Shrug It Off","floor":14}],"player_experience":123434,"relics_obtained":[{"floor":6,"key":"HornCleat"},{"floor":7,"key":"Regal Pillow"},{"floor":9,"key":"Bag of Preparation"}],"event_choices":[{"damage_healed":0,"gold_gain":75,"player_choice":"Gather Gold","damage_taken":11,"max_hp_gain":0,"max_hp_loss":0,"event_name":"World of Goop","floor":2,"gold_loss":0},{"damage_healed":0,"gold_gain":0,"player_choice":"Ignored","damage_taken":0,"max_hp_gain":0,"max_hp_loss":0,"event_name":"Shining Light","floor":3,"gold_loss":0},{"damage_healed":0,"gold_gain":0,"player_choice":"Relic","damage_taken":0,"max_hp_gain":0,"max_hp_loss":0,"event_name":"Wheel of Change","floor":6,"gold_loss":0},{"damage_healed":0,"gold_gain":0,"player_choice":"Take Wound","damage_taken":0,"relics_obtained":["Golden Idol"],"max_hp_gain":0,"max_hp_loss":0,"event_name":"Golden Idol","floor":11,"gold_loss":0,"cards_obtained":["Injury"]},{"damage_healed":0,"gold_gain":275,"player_choice":"Desecrate","damage_taken":0,"max_hp_gain":0,"max_hp_loss":0,"event_name":"Golden Shrine","floor":13,"gold_loss":0,"cards_obtained":["Regret"]}],"is_beta":true,"boss_relics":[],"items_purged_floors":[],"is_endless":false,"potions_floor_spawned":[5,7],"killed_by":"The Guardian","ascension_level":4}