{"gold_per_floor":[115,135,39,58,58,58,58,58,84,105,105,139,139,139,139,258,258,278,278,304,316,342,354,409,439,451,484,496,528,540,575,587,722,734,765,840,852,883,52,52],"floor_reached":40,"playtime":1266,"items_purged":[],"score":475,"play_id":"b96ad34d-1fc5-4c84-8d1c-2a83379a28d1","local_time":"20191130140641","is_ascension_mode":true,"campfire_choices":[{"data":"Flex","floor":6,"key":"SMITH"},{"data":"Inflame","floor":11,"key":"SMITH"},{"data":"Bash","floor":15,"key":"SMITH"},{"data":"Flame Barrier","floor":23,"key":"SMITH"},{"floor":28,"key":"REST"},{"floor":32,"key":"REST"}],"neow_cost":"NONE","seed_source_timestamp":1467726379080583,"circlet_count":0,"master_deck":["Strike_R+1","Strike_R","Defend_R+1","Defend_R","Defend_R","Bash+1","Evolve","Inflame+1","Sword Boomerang","Flex+1","Iron Wave","Sword Boomerang","Immolate","Flame Barrier+1","Intimidate","Impervious","Clothesline","Wild Strike+1","Fire Breathing","Double Tap","Wild Strike+1","Flame Barrier+1"],"special_seed":0,"relics":["Burning Blood","Golden Idol","Red Skull","Odd Mushroom","Bird Faced Urn","The Courier","Empty Cage","MawBank","StrikeDummy","InkBottle","Mark of Pain","Ice Cream","Ginger","MealTicket","Happy Flower","Magic Flower","Art of War"],"potions_floor_usage":[4,12,18,24,27,33],"damage_taken":[{"damage":7.0,"enemies":"Jaw Worm","floor":1.0,"turns":3.0},{"damage":6.0,"enemies":"Small Slimes","floor":2.0,"turns":4.0},{"damage":1,"enemies":"2 Louse","floor":4,"turns":3},{"damage":0,"enemies":"Looter","floor":10,"turns":2},{"damage":3,"enemies":"The Mushroom Lair","floor":12,"turns":3},{"damage":19,"enemies":"Hexaghost","floor":16,"turns":6},{"damage":15,"enemies":"2 Thieves","floor":18,"turns":3},{"damage":28,"enemies":"Shell Parasite","floor":20,"turns":4},{"damage":28,"enemies":"Snecko","floor":22,"turns":5},{"damage":31,"enemies":"Gremlin Leader","floor":24,"turns":5},{"damage":10,"enemies":"Sentry and Sphere","floor":25,"turns":4},{"damage":7,"enemies":"Cultist and Chosen","floor":27,"turns":5},{"damage":15,"enemies":"Snake Plant","floor":29,"turns":3},{"damage":10,"enemies":"Centurion and Healer","floor":31,"turns":6},{"damage":53,"enemies":"Collector","floor":33,"turns":10},{"damage":30,"enemies":"3 Darklings","floor":35,"turns":7},{"damage":19,"enemies":"Mind Bloom Boss Battle","floor":36,"turns":7},{"damage":13,"enemies":"Orb Walker","floor":38,"turns":3},{"damage":61,"enemies":"Reptomancer","floor":40,"turns":2}],"seed_played":"5269985746814453449","potions_obtained":[{"floor":2.0,"key":"Strength Potion"},{"floor":10,"key":"AttackPotion"},{"floor":12,"key":"Energy Potion"},{"floor":22,"key":"Fire Potion"},{"floor":25,"key":"PowerPotion"},{"floor":29,"key":"ColorlessPotion"},{"floor":35,"key":"Energy Potion"}],"is_trial":false,"path_per_floor":["M","M","$","M","?","R","?","?","T","M","R","?","?","T","R","B",null,"M","?","M","?","M","R","E","M","T","M","R","M","?","M","R","B",null,"M","?","?","M","$","E"],"character_chosen":"IRONCLAD","items_purchased":["Flex","Iron Wave","Ginger","MealTicket","Happy Flower","Magic Flower","Art of War"],"campfire_rested":2,"item_purchase_floors":[3,3,39,39,39,39,39],"current_hp_per_floor":[79,79,79,80,60,60,44,37,37,43,43,46,43,43,43,34,80,71,71,51,51,33,33,10,8,8,11,35,26,26,24,48,9,80,62,55,55,52,52,0],"gold":52,"neow_bonus":"THREE_CARDS","is_prod":false,"is_daily":false,"chose_seed":false,"campfire_upgraded":4,"win_rate":0,"timestamp":1575104801,"path_taken":["M","M","$","M","?","R","?","?","T","?","R","?","?","?","R","BOSS","M","?","M","?","M","R","E","M","T","M","R","?","?","M","R","BOSS","M","?","?","M","$","E"],"build_version":"2019-10-30","purchased_purges":0,"victory":false,"max_hp_per_floor":[80,80,80,80,80,80,80,80,80,80,80,80,80,80,80,80,80,80,80,80,80,80,80,80,80,80,80,80,80,80,80,80,80,80,80,80,80,80,80,80],"card_choices":[{"not_picked":["Warcry","Heavy Blade"],"picked":"Evolve","floor":0.0},{"not_picked":["Armaments","Bloodletting"],"picked":"Inflame","floor":1.0},{"not_picked":["Armaments","Sever Soul"],"picked":"Sword Boomerang","floor":2.0},{"not_picked":["True Grit","Hemokinesis","Perfected Strike"],"picked":"SKIP","floor":4},{"not_picked":["Body Slam","Flex"],"picked":"Sword Boomerang","floor":10},{"not_picked":["Offering","Fiend Fire"],"picked":"Immolate","floor":16},{"not_picked":["Havoc","Clothesline+1","Sentinel"],"picked":"SKIP","floor":18},{"not_picked":["Perfected Strike+1","Wild Strike"],"picked":"Flame Barrier","floor":20},{"not_picked":["Rage","Disarm+1"],"picked":"Intimidate","floor":22},{"not_picked":["Cleave","Body Slam","Havoc"],"picked":"SKIP","floor":24},{"not_picked":["Iron Wave","Flex"],"picked":"Impervious","floor":25},{"not_picked":["Searing Blow","Shrug It Off"],"picked":"Clothesline","floor":27},{"not_picked":["Seeing Red","Hemokinesis"],"picked":"Wild Strike+1","floor":29},{"not_picked":["Warcry","Sentinel+1"],"picked":"Fire Breathing","floor":31},{"not_picked":["Fiend Fire","Offering"],"picked":"Double Tap","floor":33},{"not_picked":["Armaments+1","Anger","True Grit"],"picked":"SKIP","floor":35},{"not_picked":["Thunderclap+1","Flex+1"],"picked":"Wild Strike+1","floor":36},{"not_picked":["Flex","Heavy Blade+1"],"picked":"Flame Barrier+1","floor":38}],"player_experience":107132,"relics_obtained":[{"floor":9,"key":"Red Skull"},{"floor":12,"key":"Odd Mushroom"},{"floor":14,"key":"The Courier"},{"floor":24,"key":"StrikeDummy"},{"floor":26,"key":"InkBottle"},{"floor":36,"key":"Ice Cream"}],"event_choices":[{"damage_healed":0,"gold_gain":0,"player_choice":"Take Damage","damage_taken":20,"relics_obtained":["Golden Idol"],"max_hp_gain":0,"max_hp_loss":0,"event_name":"Golden Idol","floor":5,"gold_loss":0},{"damage_healed":0,"gold_gain":0,"player_choice":"Entered Light","damage_taken":16,"max_hp_gain":0,"max_hp_loss":0,"event_name":"Shining Light","floor":7,"gold_loss":0,"cards_upgraded":["Strike_R","Defend_R"]},{"cards_removed":["Strike_R"],"damage_healed":0,"gold_gain":0,"player_choice":"Card Removal","damage_taken":7,"max_hp_gain":0,"max_hp_loss":0,"event_name":"Golden Wing","floor":8,"gold_loss":0},{"damage_healed":0,"gold_gain":0,"player_choice":"Fought Mushrooms","damage_taken":0,"max_hp_gain":0,"max_hp_loss":0,"event_name":"Mushrooms","floor":12,"gold_loss":0},{"damage_healed":0,"gold_gain":0,"player_choice":"Success","damage_taken":3,"relics_obtained":["Bird Faced Urn"],"max_hp_gain":0,"max_hp_loss":0,"event_name":"Scrap Ooze","floor":13,"gold_loss":0},{"damage_healed":0,"gold_gain":0,"player_choice":"Opened","damage_taken":0,"relics_obtained":["MawBank"],"max_hp_gain":0,"max_hp_loss":0,"event_name":"The Mausoleum","floor":19,"gold_loss":0},{"cards_removed":["Defend_R"],"damage_healed":0,"gold_gain":0,"player_choice":"Offered Basic","damage_taken":0,"max_hp_gain":0,"max_hp_loss":0,"event_name":"Bonfire Elementals","floor":21,"gold_loss":0},{"damage_healed":0,"gold_gain":0,"player_choice":"Ignored","damage_taken":0,"max_hp_gain":0,"max_hp_loss":0,"event_name":"Ghosts","floor":30,"gold_loss":0},{"damage_healed":0,"gold_gain":0,"player_choice":"Fight","damage_taken":0,"max_hp_gain":0,"max_hp_loss":0,"event_name":"MindBloom","floor":36,"gold_loss":0},{"damage_healed":0,"gold_gain":0,"player_choice":"Ignored","damage_taken":0,"max_hp_gain":0,"max_hp_loss":0,"event_name":"Mysterious Sphere","floor":37,"gold_loss":0}],"is_beta":true,"boss_relics":[{"not_picked":["Pandora\u0027s Box","Sozu"],"picked":"Empty Cage"},{"not_picked":["Cursed Key","Calling Bell"],"picked":"Mark of Pain"}],"items_purged_floors":[],"is_endless":false,"potions_floor_spawned":[2,10,12,22,25,29,35],"killed_by":"Reptomancer","ascension_level":4}