{"gold_per_floor":[119,49,49,49,59,85,85,105,105,105,125,50,65,14,14,110,110,126,146,146],"floor_reached":20,"playtime":676,"items_purged":["Heavy Blade"],"score":299,"play_id":"a14eff11-03a6-416c-8eef-8e28f01120d1","local_time":"20191213170229","is_ascension_mode":true,"campfire_choices":[{"data":"Infernal Blade","floor":7.0,"key":"SMITH"},{"data":"Discovery","floor":10.0,"key":"SMITH"},{"data":"Fire Breathing","floor":15.0,"key":"SMITH"}],"neow_cost":"NONE","seed_source_timestamp":0,"circlet_count":0,"master_deck":["Strike_R","Strike_R","Strike_R","Strike_R","Strike_R","Defend_R","Defend_R","Defend_R","Battle Trance","Fire Breathing+1","Infernal Blade+1","Discovery+1","Clash","Double Tap","Rage","Warcry+1"],"special_seed":0,"relics":["Burning Blood","NeowsBlessing","Kunai","Bag of Marbles","Empty Cage"],"potions_floor_usage":[],"damage_taken":[{"damage":0.0,"enemies":"Cultist","floor":1.0,"turns":1.0},{"damage":0.0,"enemies":"Jaw Worm","floor":5.0,"turns":1.0},{"damage":0.0,"enemies":"Gremlin Nob","floor":6.0,"turns":1.0},{"damage":0.0,"enemies":"2 Louse","floor":8.0,"turns":2.0},{"damage":2.0,"enemies":"Lots of Slimes","floor":11.0,"turns":4.0},{"damage":0.0,"enemies":"Exordium Thugs","floor":13.0,"turns":3.0},{"damage":6.0,"enemies":"Slime Boss","floor":16.0,"turns":5.0},{"damage":6.0,"enemies":"2 Thieves","floor":18.0,"turns":2.0},{"damage":23.0,"enemies":"Shell Parasite","floor":19.0,"turns":5.0},{"damage":63,"enemies":"Centurion and Healer","floor":20,"turns":6}],"seed_played":"-3909918790641711454","potions_obtained":[{"floor":1.0,"key":"AttackPotion"},{"floor":5.0,"key":"Energy Potion"},{"floor":13.0,"key":"PowerPotion"}],"is_trial":false,"path_per_floor":["M","$","?","?","M","E","R","M","T","R","M","$","M","$","R","B",null,"M","M","M"],"character_chosen":"IRONCLAD","items_purchased":["Fire Breathing","BlessingOfTheForge"],"campfire_rested":0,"item_purchase_floors":[2,14],"current_hp_per_floor":[80,80,80,80,80,80,80,80,80,80,80,80,80,80,80,80,80,80,63,0],"gold":146,"neow_bonus":"THREE_ENEMY_KILL","is_prod":false,"is_daily":false,"chose_seed":false,"campfire_upgraded":3,"win_rate":0,"timestamp":1576238549,"path_taken":["M","?","?","?","M","E","R","?","T","R","M","?","M","$","R","BOSS","M","?","M"],"build_version":"2019-10-30","purchased_purges":1,"victory":false,"max_hp_per_floor":[80,80,80,80,80,80,80,80,80,80,80,80,80,80,80,80,80,80,80,80],"card_choices":[{"not_picked":["Metallicize","Rupture"],"picked":"Battle Trance","floor":1.0},{"not_picked":["Thunderclap","Battle Trance","Feel No Pain"],"picked":"SKIP","floor":5.0},{"not_picked":["Entrench","Shrug It Off"],"picked":"Clash","floor":6.0},{"not_picked":["Sword Boomerang","Uppercut","Shrug It Off"],"picked":"SKIP","floor":8.0},{"not_picked":["Anger","Bloodletting","Heavy Blade"],"picked":"SKIP","floor":11.0},{"not_picked":["Sentinel","Warcry","Armaments"],"picked":"SKIP","floor":13.0},{"not_picked":["Impervious","Fiend Fire"],"picked":"Double Tap","floor":16.0},{"not_picked":["Clothesline","Bloodletting"],"picked":"Rage","floor":18.0},{"not_picked":["Spot Weakness","Second Wind"],"picked":"Warcry+1","floor":19}],"player_experience":134813,"relics_obtained":[{"floor":6.0,"key":"Kunai"},{"floor":9.0,"key":"Bag of Marbles"}],"event_choices":[{"damage_healed":0.0,"max_hp_gain":0.0,"max_hp_loss":0.0,"gold_gain":0.0,"event_name":"The Cleric","player_choice":"Leave","floor":3.0,"gold_loss":0.0,"damage_taken":0.0},{"damage_healed":0.0,"max_hp_gain":0.0,"max_hp_loss":0.0,"gold_gain":0.0,"event_name":"Match and Keep!","player_choice":"3 cards matched","floor":4.0,"gold_loss":0.0,"damage_taken":0.0,"cards_obtained":["Infernal Blade","Heavy Blade","Discovery"]}],"is_beta":true,"boss_relics":[{"not_picked":["Sozu","SlaversCollar"],"picked":"Empty Cage"}],"items_purged_floors":[12],"is_endless":false,"potions_floor_spawned":[1,5,13],"killed_by":"Centurion and Healer","ascension_level":4}