{"gold_per_floor":[114,62,78,78,78,78,109,109,136,166,166,65,96,115,115,219,219,239,239,257,275,225,225,244,244,290,320,347,446,446,108,108,213,213,225,275,275,275],"floor_reached":39,"playtime":967,"items_purged":["Strike_R","Strike_R","Strike_R"],"score":778,"play_id":"4d31f323-adb9-44b1-a6d2-4dc2787e377d","local_time":"20191213171852","is_ascension_mode":true,"campfire_choices":[{"floor":6,"key":"REST"},{"floor":11,"key":"REST"},{"data":"Fire Breathing","floor":15,"key":"SMITH"},{"data":"Fire Breathing","floor":23,"key":"SMITH"},{"floor":25,"key":"REST"},{"floor":32,"key":"REST"}],"neow_cost":"NONE","seed_source_timestamp":2602875573478182,"circlet_count":0,"master_deck":["Strike_R","Defend_R","Defend_R","Defend_R","Defend_R","Bash","Wild Strike","True Grit","Shrug It Off","Shockwave","Immolate","Headbutt","Fire Breathing+1","Fire Breathing+1","Fire Breathing","Evolve+1","Evolve","Decay","Impervious"],"relics":["Velvet Choker","Dream Catcher","Strawberry","Smiling Mask","Lantern","Art of War","Anchor","Mark of Pain","Red Skull","Darkstone Periapt","Pen Nib","CaptainsWheel","Runic Pyramid","Unceasing Top"],"potions_floor_usage":[7,13,16,27,33,36,38],"damage_taken":[{"damage":0,"enemies":"Cultist","floor":1,"turns":2},{"damage":0,"enemies":"Small Slimes","floor":3,"turns":3},{"damage":0,"enemies":"Gremlin Nob","floor":7,"turns":3},{"damage":15,"enemies":"Lagavulin","floor":10,"turns":7},{"damage":2,"enemies":"Gremlin Nob","floor":13,"turns":3},{"damage":0,"enemies":"2 Louse","floor":14,"turns":2},{"damage":26,"enemies":"Slime Boss","floor":16,"turns":5},{"damage":6,"enemies":"Spheric Guardian","floor":18,"turns":3},{"damage":0,"enemies":"3 Byrds","floor":20,"turns":3},{"damage":11,"enemies":"Centurion and Healer","floor":21,"turns":4},{"damage":23,"enemies":"Snake Plant","floor":24,"turns":3},{"damage":28,"enemies":"Book of Stabbing","floor":27,"turns":5},{"damage":54,"enemies":"Automaton","floor":33,"turns":5},{"damage":8,"enemies":"Orb Walker","floor":35,"turns":3},{"damage":2,"enemies":"Mind Bloom Boss Battle","floor":36,"turns":5},{"damage":52,"enemies":"Donu and Deca","floor":38,"turns":6}],"seed_played":"-3405773674087597190","potions_obtained":[{"floor":3,"key":"SteroidPotion"},{"floor":7,"key":"SmokeBomb"},{"floor":13,"key":"Fruit Juice"},{"floor":20,"key":"Ancient Potion"},{"floor":21,"key":"AttackPotion"},{"floor":27,"key":"Swift Potion"},{"floor":33,"key":"BlessingOfTheForge"},{"floor":36,"key":"LiquidMemories"}],"is_trial":false,"path_per_floor":["M","$","M","?","?","R","E","T","T","E","R","$","E","M","R","B",null,"M","?","M","M","$","R","M","R","T","E","T","?","?","$","R","B",null,"M","?","?","B",null],"character_chosen":"IRONCLAD","items_purchased":["True Grit","Explosive Potion","CaptainsWheel"],"campfire_rested":4,"item_purchase_floors":[2,12,31],"current_hp_per_floor":[80,80,80,80,55,79,86,86,86,71,87,87,90,90,90,64,92,86,86,86,75,75,75,52,79,79,51,51,51,57,57,86,32,98,90,88,88,36],"gold":275,"neow_bonus":"BOSS_RELIC","is_prod":false,"is_daily":false,"chose_seed":false,"campfire_upgraded":2,"win_rate":0,"timestamp":1576239532,"path_taken":["M","$","?","?","?","R","E","?","T","E","R","$","E","M","R","BOSS","M","?","M","M","$","R","M","R","T","E","?","?","?","$","R","BOSS","M","?","?","BOSS"],"build_version":"2019-10-30","purchased_purges":3,"victory":true,"max_hp_per_floor":[80,80,80,80,80,80,87,87,87,87,87,87,92,92,92,92,92,92,92,92,92,92,92,92,92,92,92,92,92,98,98,98,98,98,98,98,98,98],"card_choices":[{"not_picked":["Warcry","True Grit"],"picked":"Wild Strike","floor":1},{"not_picked":["Anger","Cleave","Clothesline"],"picked":"SKIP","floor":3},{"not_picked":["Pummel","Twin Strike"],"picked":"Shockwave","floor":6},{"not_picked":["Pommel Strike","Warcry","Infernal Blade"],"picked":"SKIP","floor":7},{"not_picked":["Feel No Pain","Bludgeon"],"picked":"Immolate","floor":10},{"not_picked":["Havoc","Dual Wield"],"picked":"Headbutt","floor":11},{"not_picked":["Flex","Second Wind"],"picked":"Fire Breathing","floor":13},{"not_picked":["Body Slam","Twin Strike","True Grit"],"picked":"SKIP","floor":14},{"not_picked":["Uppercut","Armaments","Carnage"],"picked":"SKIP","floor":18},{"not_picked":["Clash","Anger"],"picked":"Fire Breathing","floor":20},{"not_picked":["Flex","Hemokinesis+1"],"picked":"Evolve+1","floor":21},{"not_picked":["Flex","Cleave+1"],"picked":"Evolve","floor":24},{"not_picked":["Clothesline","Body Slam","Double Tap"],"picked":"SKIP","floor":27},{"not_picked":["Berserk","Offering"],"picked":"Impervious","floor":33},{"not_picked":["Perfected Strike+1","True Grit+1","Havoc+1"],"picked":"SKIP","floor":35}],"player_experience":135489,"relics_obtained":[{"floor":7,"key":"Strawberry"},{"floor":8,"key":"Smiling Mask"},{"floor":9,"key":"Lantern"},{"floor":10,"key":"Art of War"},{"floor":13,"key":"Anchor"},{"floor":26,"key":"Red Skull"},{"floor":27,"key":"Darkstone Periapt"},{"floor":28,"key":"Pen Nib"},{"floor":36,"key":"Unceasing Top"}],"event_choices":[{"damage_healed":0,"gold_gain":0,"cards_transformed":["Strike_R"],"player_choice":"Change","damage_taken":0,"max_hp_gain":0,"max_hp_loss":0,"event_name":"Living Wall","floor":4,"gold_loss":0,"cards_obtained":["Shrug It Off"]},{"damage_healed":0,"gold_gain":0,"player_choice":"Success","damage_taken":25,"relics_obtained":["Dream Catcher"],"max_hp_gain":0,"max_hp_loss":0,"event_name":"Scrap Ooze","floor":5,"gold_loss":0},{"damage_healed":0,"gold_gain":0,"player_choice":"Read","damage_taken":0,"max_hp_gain":0,"max_hp_loss":0,"event_name":"The Library","floor":19,"gold_loss":0,"cards_obtained":["Fire Breathing"]},{"damage_healed":0,"gold_gain":99,"player_choice":"Stole From Cult","damage_taken":0,"max_hp_gain":0,"max_hp_loss":0,"event_name":"Nest","floor":29,"gold_loss":0},{"damage_healed":0,"gold_gain":0,"player_choice":"Smashed Altar","damage_taken":0,"max_hp_gain":0,"max_hp_loss":0,"event_name":"Forgotten Altar","floor":30,"gold_loss":0,"cards_obtained":["Decay"]},{"damage_healed":0,"gold_gain":0,"player_choice":"Fight","damage_taken":0,"max_hp_gain":0,"max_hp_loss":0,"event_name":"MindBloom","floor":36,"gold_loss":0},{"damage_healed":0,"gold_gain":0,"player_choice":"Took Portal","damage_taken":0,"max_hp_gain":0,"max_hp_loss":0,"event_name":"SecretPortal","floor":37,"gold_loss":0}],"is_beta":true,"boss_relics":[{"not_picked":["Ectoplasm","SacredBark"],"picked":"Mark of Pain"},{"not_picked":["Calling Bell","Runic Dome"],"picked":"Runic Pyramid"}],"items_purged_floors":[12,22,31],"is_endless":false,"potions_floor_spawned":[3,7,13,20,21,27,33,36],"ascension_level":4}