{"gold_per_floor":[359,372,63,80,97,97,127,127,127,155,168,181,181,181,181,279,279,293,293,293,311,311,311,321,341,364,395,395],"floor_reached":28,"playtime":885,"items_purged":["Bash"],"score":344,"play_id":"690e85eb-5101-4fcc-8e85-3a7dec198e70","local_time":"20191217154723","is_ascension_mode":true,"campfire_choices":[{"data":"Perfected Strike","floor":6.0,"key":"SMITH"},{"data":"Limit Break","floor":8.0,"key":"SMITH"},{"data":"Perfected Strike","floor":13.0,"key":"SMITH"},{"data":"Spot Weakness","floor":15.0,"key":"SMITH"},{"floor":23.0,"key":"REST"}],"neow_cost":"PERCENT_DAMAGE","seed_source_timestamp":2943076803367994,"circlet_count":0,"master_deck":["Strike_R","Strike_R","Strike_R","Strike_R","Strike_R","Perfected Strike+1","Shrug It Off","Limit Break+1","Perfected Strike+1","Spot Weakness+1","Wild Strike","Wild Strike","Seeing Red","Demon Form+1","True Grit+1","Disarm+1","Uppercut+1","Headbutt","Evolve+1","Heavy Blade+1","Sentinel","Cleave+1","Double Tap"],"special_seed":0,"relics":["Burning Blood","HandDrill","Happy Flower","Frozen Egg 2","Calipers","Astrolabe","Lantern","Toy Ornithopter"],"potions_floor_usage":[27,28,28],"damage_taken":[{"damage":5.0,"enemies":"2 Louse","floor":1.0,"turns":4.0},{"damage":11.0,"enemies":"Jaw Worm","floor":2.0,"turns":5.0},{"damage":1.0,"enemies":"Small Slimes","floor":4.0,"turns":4.0},{"damage":6.0,"enemies":"Exordium Wildlife","floor":5.0,"turns":5.0},{"damage":25.0,"enemies":"Lagavulin","floor":7.0,"turns":7.0},{"damage":14.0,"enemies":"3 Sentries","floor":10.0,"turns":7.0},{"damage":13.0,"enemies":"Large Slime","floor":11.0,"turns":3.0},{"damage":6.0,"enemies":"Looter","floor":12.0,"turns":2.0},{"damage":3.0,"enemies":"Hexaghost","floor":16.0,"turns":7.0},{"damage":0.0,"enemies":"Chosen","floor":18.0,"turns":4.0},{"damage":25.0,"enemies":"Spheric Guardian","floor":21.0,"turns":4.0},{"damage":30.0,"enemies":"Centurion and Healer","floor":24.0,"turns":6.0},{"damage":10,"enemies":"Chosen and Byrds","floor":25,"turns":5},{"damage":35,"enemies":"Gremlin Leader","floor":27,"turns":4},{"damage":18,"enemies":"Snecko","floor":28,"turns":3}],"seed_played":"-5331171233698315968","potions_obtained":[{"floor":2.0,"key":"BlessingOfTheForge"},{"floor":5.0,"key":"Ancient Potion"},{"floor":10.0,"key":"BlessingOfTheForge"},{"floor":11.0,"key":"Block Potion"},{"floor":21.0,"key":"EssenceOfSteel"},{"floor":27,"key":"PowerPotion"}],"is_trial":false,"path_per_floor":["M","M","$","M","M","R","E","R","T","E","M","M","R","?","R","B",null,"M","?","?","M","?","R","M","M","T","E","M"],"character_chosen":"IRONCLAD","items_purchased":["Limit Break","HandDrill"],"campfire_rested":1,"item_purchase_floors":[3,3],"current_hp_per_floor":[57,52,52,57,57,57,38,38,38,30,23,23,23,23,23,26,67,73,73,58,39,39,64,40,36,36,7,0],"gold":395,"neow_bonus":"TWO_FIFTY_GOLD","is_prod":false,"is_daily":false,"chose_seed":false,"campfire_upgraded":4,"win_rate":0,"timestamp":1576579643,"path_taken":["M","M","$","M","M","R","E","R","T","E","M","M","R","?","R","BOSS","M","?","?","M","?","R","M","M","T","E","?"],"build_version":"2019-10-30","purchased_purges":1,"victory":false,"max_hp_per_floor":[80,80,80,80,80,80,80,80,80,80,80,80,80,80,80,80,80,80,80,85,85,85,85,85,85,85,85,85],"card_choices":[{"not_picked":["Ghostly Armor","Burning Pact"],"picked":"Perfected Strike","floor":1.0},{"not_picked":["Whirlwind","Thunderclap"],"picked":"Shrug It Off","floor":2.0},{"not_picked":["Armaments","Iron Wave","Headbutt"],"picked":"SKIP","floor":4.0},{"not_picked":["Sword Boomerang","Warcry"],"picked":"Perfected Strike","floor":5.0},{"not_picked":["Limit Break","Rage"],"picked":"Spot Weakness","floor":7.0},{"not_picked":["Sword Boomerang","Anger"],"picked":"Wild Strike","floor":10.0},{"not_picked":["Flex","Sword Boomerang"],"picked":"Wild Strike","floor":11.0},{"not_picked":["Perfected Strike","Warcry"],"picked":"Seeing Red","floor":12.0},{"not_picked":["Berserk+1","Fiend Fire"],"picked":"Demon Form+1","floor":16.0},{"not_picked":["Spot Weakness","Iron Wave+1"],"picked":"Headbutt","floor":18.0},{"not_picked":["Power Through+1","Dropkick"],"picked":"Heavy Blade+1","floor":21.0},{"not_picked":["Infernal Blade","Uppercut"],"picked":"Sentinel","floor":24.0},{"not_picked":["Flex","Headbutt"],"picked":"Cleave+1","floor":25},{"not_picked":["Evolve+1","Fire Breathing+1"],"picked":"Double Tap","floor":27}],"player_experience":147550,"relics_obtained":[{"floor":7.0,"key":"Happy Flower"},{"floor":9.0,"key":"Frozen Egg 2"},{"floor":10.0,"key":"Calipers"},{"floor":26,"key":"Lantern"},{"floor":27,"key":"Toy Ornithopter"}],"event_choices":[{"cards_removed":["Defend_R"],"damage_healed":0.0,"max_hp_gain":0.0,"max_hp_loss":0.0,"gold_gain":0.0,"event_name":"Living Wall","player_choice":"Forget","floor":14.0,"gold_loss":0.0,"damage_taken":0.0},{"damage_healed":0.0,"max_hp_gain":0.0,"max_hp_loss":0.0,"gold_gain":0.0,"event_name":"The Library","player_choice":"Read","floor":19.0,"gold_loss":0.0,"damage_taken":0.0,"cards_obtained":["Evolve"]},{"damage_healed":0.0,"max_hp_gain":5.0,"max_hp_loss":0.0,"gold_gain":0.0,"event_name":"Forgotten Altar","player_choice":"Shed Blood","floor":20.0,"gold_loss":0.0,"damage_taken":20.0},{"damage_healed":0.0,"max_hp_gain":0.0,"max_hp_loss":0.0,"gold_gain":0.0,"event_name":"Vampires","player_choice":"Ignored","floor":22.0,"gold_loss":0.0,"damage_taken":0.0}],"is_beta":true,"boss_relics":[{"not_picked":["Ectoplasm","Black Star"],"picked":"Astrolabe"}],"items_purged_floors":[3],"is_endless":false,"potions_floor_spawned":[2,5,10,11,21,27],"killed_by":"Snecko","ascension_level":5}