{"gold_per_floor":[113,113,126,136,136,136,169,189,213,213,213,34,46,96,96,191,191,202,186,115,165,215,215,246,246,246,266,316,366,378,394,394,493,493,507,518,568,668,718,718,234,244,244,93,143,0,0,30,42,54],"floor_reached":51,"playtime":1796,"items_purged":["Strike_R","Defend_R"],"score":1049,"play_id":"6bd42920-104e-41d6-a99b-535c5bc80e75","local_time":"20191217182003","is_ascension_mode":true,"campfire_choices":[{"data":"Body Slam","floor":6.0,"key":"SMITH"},{"data":"Metallicize","floor":10.0,"key":"SMITH"},{"data":"Flame Barrier","floor":15.0,"key":"SMITH"},{"data":"Flame Barrier","floor":23,"key":"SMITH"},{"data":"Barricade","floor":25,"key":"SMITH"},{"data":"Battle Trance","floor":32,"key":"SMITH"},{"data":"Offering","floor":40,"key":"SMITH"},{"data":"Intimidate","floor":47,"key":"SMITH"},{"data":"Shrug It Off","floor":49,"key":"SMITH"}],"neow_cost":"PERCENT_DAMAGE","seed_source_timestamp":2951321466590567,"circlet_count":0,"master_deck":["Defend_R","Body Slam+1","Shrug It Off","Shrug It Off","Metallicize+1","Flame Barrier+1","Flame Barrier+1","Juggernaut+1","Thunderclap+1","Sentinel+1","Shrug It Off","Evolve+1","Barricade+1","Reckless Charge","Battle Trance+1","Offering+1","Entrench+1","Seeing Red+1","Body Slam+1","Shrug It Off+1","Body Slam+1","Intimidate+1","Clumsy","Entrench+1"],"special_seed":0,"relics":["Burning Blood","Incense Burner","Juzu Bracelet","Red Skull","MealTicket","SsserpentHead","Art of War","Astrolabe","Oddly Smooth Stone","Boot","Cursed Key","WingedGreaves","HandDrill","Happy Flower","The Courier","DollysMirror","Red Mask","MawBank"],"potions_floor_usage":[30,31,33,50],"damage_taken":[{"damage":9.0,"enemies":"Jaw Worm","floor":1.0,"turns":6.0},{"damage":0.0,"enemies":"Cultist","floor":3.0,"turns":3.0},{"damage":3.0,"enemies":"2 Louse","floor":4.0,"turns":3.0},{"damage":27.0,"enemies":"Lagavulin","floor":7.0,"turns":7.0},{"damage":6.0,"enemies":"Looter","floor":8.0,"turns":3.0},{"damage":0.0,"enemies":"Exordium Wildlife","floor":13.0,"turns":4.0},{"damage":60.0,"enemies":"Slime Boss","floor":16.0,"turns":20.0},{"damage":3.0,"enemies":"Chosen","floor":18.0,"turns":7.0},{"damage":0,"enemies":"2 Thieves","floor":19,"turns":4},{"damage":14,"enemies":"Book of Stabbing","floor":24,"turns":5},{"damage":0,"enemies":"Snecko","floor":27,"turns":4},{"damage":3,"enemies":"Centurion and Healer","floor":30,"turns":9},{"damage":3,"enemies":"Cultist and Chosen","floor":31,"turns":6},{"damage":20,"enemies":"Collector","floor":33,"turns":12},{"damage":31,"enemies":"3 Shapes","floor":35,"turns":5},{"damage":7,"enemies":"3 Darklings","floor":36,"turns":5},{"damage":0,"enemies":"Mind Bloom Boss Battle","floor":38,"turns":6},{"damage":6,"enemies":"Reptomancer","floor":48,"turns":5},{"damage":6,"enemies":"Time Eater","floor":50,"turns":4}],"seed_played":"4247241702498652983","potions_obtained":[{"floor":3.0,"key":"SneckoOil"},{"floor":4.0,"key":"ColorlessPotion"},{"floor":19,"key":"Explosive Potion"},{"floor":30,"key":"Explosive Potion"},{"floor":31,"key":"PowerPotion"},{"floor":35,"key":"Strength Potion"}],"is_trial":false,"path_per_floor":["M","?","M","M","?","R","E","M","T","R","?","$","M","?","R","B",null,"M","M","$","?","?","R","E","R","T","M","?","?","M","M","R","B",null,"M","M","?","?","?","R","$","?","T","$","?","?","R","E","R","B",null],"character_chosen":"IRONCLAD","items_purchased":["Art of War","Evolve","HandDrill","Happy Flower","Shrug It Off","Body Slam","Intimidate","DollysMirror"],"campfire_rested":0,"item_purchase_floors":[12,20,41,41,41,41,41,44],"current_hp_per_floor":[53,53,59,62,62,62,41,41,41,41,41,56,62,62,62,8,62,65,71,80,80,80,80,72,72,72,78,78,63,66,69,69,55,78,53,52,52,58,58,58,73,73,73,85,81,81,81,81,81,81],"gold":66,"neow_bonus":"ONE_RARE_RELIC","is_prod":false,"is_daily":false,"chose_seed":false,"campfire_upgraded":9,"win_rate":0,"timestamp":1576588803,"path_taken":["M","?","M","?","?","R","E","M","T","R","?","?","M","?","R","BOSS","M","M","$","?","?","R","E","R","T","M","?","?","M","M","R","BOSS","M","M","?","?","?","R","$","?","T","?","?","?","R","E","R","BOSS"],"build_version":"2019-10-30","purchased_purges":2,"victory":true,"max_hp_per_floor":[80,80,80,80,80,80,80,80,80,80,80,80,80,80,80,80,80,80,80,80,80,80,80,80,80,80,80,80,85,85,85,85,85,85,85,85,85,85,85,85,85,85,85,85,81,81,81,81,81,81],"card_choices":[{"not_picked":["Flex","Rampage"],"picked":"Body Slam","floor":1.0},{"not_picked":["Thunderclap","Wild Strike"],"picked":"Shrug It Off","floor":3.0},{"not_picked":["Wild Strike","Warcry"],"picked":"Shrug It Off","floor":4.0},{"not_picked":["Clothesline","Flex","Thunderclap"],"picked":"SKIP","floor":7.0},{"not_picked":["Rage","Limit Break"],"picked":"Metallicize","floor":8.0},{"not_picked":["Iron Wave","Clash"],"picked":"Flame Barrier","floor":13.0},{"not_picked":["Carnage","Sword Boomerang"],"picked":"Shrug It Off","floor":18.0},{"not_picked":["Perfected Strike","Sword Boomerang","Twin Strike"],"picked":"SKIP","floor":19},{"not_picked":["Rage","Fire Breathing"],"picked":"Barricade","floor":24},{"not_picked":["Pommel Strike","Combust","True Grit"],"picked":"SKIP","floor":27},{"not_picked":["True Grit+1","Burning Pact+1","Twin Strike"],"picked":"SKIP","floor":30},{"not_picked":["Headbutt+1","Metallicize"],"picked":"Battle Trance","floor":31},{"not_picked":["Brutality","Demon Form"],"picked":"Offering","floor":33},{"not_picked":["Searing Blow+1","Pommel Strike+1"],"picked":"Entrench+1","floor":35},{"not_picked":["Flex+1","Sentinel"],"picked":"Seeing Red+1","floor":36},{"not_picked":["Anger+1","Searing Blow+1"],"picked":"Body Slam+1","floor":38},{"not_picked":["Battle Trance","Cleave","Pommel Strike+1"],"picked":"SKIP","floor":48}],"player_experience":148435,"relics_obtained":[{"floor":7.0,"key":"Red Skull"},{"floor":9.0,"key":"MealTicket"},{"floor":24,"key":"Oddly Smooth Stone"},{"floor":26,"key":"Boot"},{"floor":38,"key":"WingedGreaves"},{"floor":43,"key":"The Courier"},{"floor":48,"key":"MawBank"}],"event_choices":[{"damage_healed":0.0,"max_hp_gain":0.0,"max_hp_loss":0.0,"gold_gain":0.0,"event_name":"The Woman in Blue","player_choice":"Bought 0 Potions","floor":2.0,"gold_loss":0.0,"damage_taken":0.0},{"damage_healed":0.0,"max_hp_gain":0.0,"max_hp_loss":0.0,"gold_gain":0.0,"event_name":"WeMeetAgain","player_choice":"Gave Potion","floor":5.0,"gold_loss":0.0,"damage_taken":0.0,"relics_obtained":["Juzu Bracelet"]},{"damage_healed":0.0,"max_hp_gain":0.0,"max_hp_loss":0.0,"gold_gain":0.0,"event_name":"FaceTrader","player_choice":"Trade","floor":11.0,"gold_loss":0.0,"damage_taken":0.0,"relics_obtained":["SsserpentHead"]},{"damage_healed":0.0,"max_hp_gain":0.0,"max_hp_loss":0.0,"gold_gain":0.0,"cards_transformed":["Strike_R"],"event_name":"Living Wall","player_choice":"Change","floor":14.0,"gold_loss":0.0,"damage_taken":0.0,"cards_obtained":["Flame Barrier"]},{"damage_healed":0,"gold_gain":0,"player_choice":"Ignored","damage_taken":0,"max_hp_gain":0,"max_hp_loss":0,"event_name":"Vampires","floor":21,"gold_loss":0},{"cards_removed":["Defend_R"],"damage_healed":0,"gold_gain":0,"player_choice":"Elegance","damage_taken":0,"max_hp_gain":0,"max_hp_loss":0,"event_name":"Back to Basics","floor":22,"gold_loss":0},{"damage_healed":0,"gold_gain":0,"cards_transformed":["Bash","Defend_R"],"player_choice":"Became Test Subject","damage_taken":0,"max_hp_gain":0,"max_hp_loss":0,"event_name":"Drug Dealer","floor":28,"gold_loss":0,"cards_obtained":["Reckless Charge","Thunderclap"]},{"damage_healed":0,"gold_gain":0,"player_choice":"Shed Blood","damage_taken":20,"max_hp_gain":5,"max_hp_loss":0,"event_name":"Forgotten Altar","floor":29,"gold_loss":0},{"damage_healed":0,"gold_gain":0,"player_choice":"Memory 1","damage_taken":0,"max_hp_gain":0,"max_hp_loss":0,"event_name":"SensoryStone","floor":37,"gold_loss":0},{"damage_healed":0,"gold_gain":0,"player_choice":"Fight","damage_taken":0,"max_hp_gain":0,"max_hp_loss":0,"event_name":"MindBloom","floor":38,"gold_loss":0},{"cards_removed":["Thunderclap"],"damage_healed":0,"gold_gain":0,"player_choice":"Removed Attack","damage_taken":0,"max_hp_gain":0,"max_hp_loss":0,"event_name":"Falling","floor":39,"gold_loss":0},{"damage_healed":0,"gold_gain":0,"player_choice":"Upgraded Two","damage_taken":0,"max_hp_gain":0,"max_hp_loss":0,"event_name":"Designer","floor":42,"gold_loss":40,"cards_upgraded":["Evolve","Body Slam"]},{"damage_healed":0,"gold_gain":0,"player_choice":"Max HP","damage_taken":0,"max_hp_gain":0,"max_hp_loss":4,"event_name":"Winding Halls","floor":45,"gold_loss":0},{"damage_healed":0,"gold_gain":0,"player_choice":"Paid","damage_taken":0,"relics_obtained":["Red Mask"],"max_hp_gain":0,"max_hp_loss":0,"event_name":"Tomb of Lord Red Mask","floor":46,"gold_loss":193}],"is_beta":true,"boss_relics":[{"not_picked":["SlaversCollar","SacredBark"],"picked":"Astrolabe"},{"not_picked":["Coffee Dripper","Busted Crown"],"picked":"Cursed Key"}],"items_purged_floors":[12,44],"is_endless":false,"potions_floor_spawned":[3,4,19,30,31,35],"ascension_level":5}