{"gold_per_floor":[112,124,124,34,309,309,328,328,378,406,406,406,110,134,134,257,257,278,34,50,149,149,149,163,181,181,30,30,46,46,64,64,184,184,205,218,218,242,222,222,222,243,243,24,39,39,39,39,39,39],"floor_reached":51,"playtime":1588,"items_purged":["Regret","Perfected Strike"],"score":1028,"play_id":"bc3f86ee-6af0-41e5-9657-a37005a3287c","local_time":"20191221125846","is_ascension_mode":true,"campfire_choices":[{"data":"Apotheosis","floor":6.0,"key":"SMITH"},{"data":"Shrug It Off","floor":8.0,"key":"SMITH"},{"data":"Battle Trance","floor":15.0,"key":"SMITH"},{"floor":23.0,"key":"REST"},{"floor":30.0,"key":"REST"},{"data":"Spot Weakness","floor":32.0,"key":"SMITH"},{"data":"Battle Trance","floor":41,"key":"SMITH"},{"floor":46,"key":"REST"},{"data":"Immolate","floor":49,"key":"SMITH"}],"neow_cost":"TEN_PERCENT_HP_LOSS","seed_source_timestamp":232231453423413,"circlet_count":0,"master_deck":["Bash","Apotheosis+1","Shrug It Off+1","Evolve","Limit Break","Blind","Battle Trance+1","Limit Break","Impervious","Limit Break","Immolate+1","Clash","Berserk","Reckless Charge","True Grit","Twin Strike+1","Shrug It Off+1","Metallicize","Spot Weakness+1","Battle Trance+1","Entrench+1","Impervious","Shrug It Off","Limit Break","Intimidate+1","Demon Form+1","Shrug It Off+1","Power Through","Sword Boomerang+1","Spot Weakness+1","Thunderclap+1"],"special_seed":0,"relics":["Burning Blood","Red Skull","Mercury Hourglass","Golden Idol","Bag of Marbles","Pandora\u0027s Box","DollysMirror","Enchiridion","Molten Egg 2","Orrery","Astrolabe","Thread and Needle","Strange Spoon"],"potions_floor_usage":[38,40],"damage_taken":[{"damage":0.0,"enemies":"Small Slimes","floor":1.0,"turns":3.0},{"damage":6.0,"enemies":"Cultist","floor":2.0,"turns":3.0},{"damage":8.0,"enemies":"2 Louse","floor":7.0,"turns":5.0},{"damage":30.0,"enemies":"Gremlin Nob","floor":10.0,"turns":5.0},{"damage":0.0,"enemies":"2 Fungi Beasts","floor":14.0,"turns":4.0},{"damage":1.0,"enemies":"Hexaghost","floor":16.0,"turns":6.0},{"damage":28.0,"enemies":"2 Thieves","floor":18.0,"turns":4.0},{"damage":22.0,"enemies":"Spheric Guardian","floor":20.0,"turns":5.0},{"damage":9.0,"enemies":"Snecko","floor":24.0,"turns":4.0},{"damage":15.0,"enemies":"Shelled Parasite and Fungi","floor":25.0,"turns":2.0},{"damage":0.0,"enemies":"Chosen and Byrds","floor":29.0,"turns":6.0},{"damage":10.0,"enemies":"Sentry and Sphere","floor":31.0,"turns":4.0},{"damage":15.0,"enemies":"Collector","floor":33.0,"turns":7.0},{"damage":20.0,"enemies":"Orb Walker","floor":35.0,"turns":4.0},{"damage":6,"enemies":"3 Shapes","floor":36,"turns":5},{"damage":9,"enemies":"3 Darklings","floor":38,"turns":7},{"damage":0,"enemies":"Nemesis","floor":40,"turns":1},{"damage":14,"enemies":"Maw","floor":42,"turns":7},{"damage":4,"enemies":"4 Shapes","floor":45,"turns":4},{"damage":64,"enemies":"Awakened One","floor":50,"turns":9}],"seed_played":"-985263708302773483","potions_obtained":[{"floor":7.0,"key":"BlessingOfTheForge"},{"floor":10.0,"key":"Strength Potion"},{"floor":18.0,"key":"Energy Potion"},{"floor":24.0,"key":"SteroidPotion"},{"floor":25.0,"key":"HeartOfIron"},{"floor":31.0,"key":"AttackPotion"},{"floor":36,"key":"Block Potion"},{"floor":39,"key":"SmokeBomb"},{"floor":45,"key":"SmokeBomb"}],"is_trial":false,"path_per_floor":["M","M","?","$","?","R","M","R","T","E","?","?","$","M","R","B",null,"M","$","M","?","?","R","M","M","T","$","?","M","R","M","R","B",null,"M","M","?","M","?","E","R","M","T","$","M","R","$","?","R","B",null],"character_chosen":"IRONCLAD","items_purchased":["Blind","Limit Break","Bag of Marbles","DollysMirror","Orrery","Strange Spoon","DuplicationPotion"],"campfire_rested":3,"item_purchase_floors":[4,13,13,19,27,44,44],"current_hp_per_floor":[72,72,72,72,72,72,70,70,70,46,28,28,28,34,34,39,64,42,42,26,26,10,31,28,19,19,19,19,25,46,42,42,33,62,48,48,48,45,45,51,51,43,43,43,45,66,66,66,66,8],"gold":39,"neow_bonus":"RANDOM_COLORLESS_2","is_prod":false,"is_daily":false,"chose_seed":false,"campfire_upgraded":6,"win_rate":0,"timestamp":1576915126,"path_taken":["M","M","?","?","?","R","?","R","T","E","?","?","$","M","R","BOSS","M","$","M","?","?","R","M","M","T","?","?","?","R","M","R","BOSS","M","M","?","?","?","E","R","?","T","$","M","R","$","?","R","BOSS"],"build_version":"2019-10-30","purchased_purges":2,"victory":true,"max_hp_per_floor":[72,72,72,72,72,72,72,72,72,72,72,72,72,72,72,72,72,72,72,72,72,72,72,72,72,72,72,72,72,72,72,72,72,72,72,72,72,72,72,72,72,72,72,72,72,72,72,72,72,72],"card_choices":[{"not_picked":["Secret Technique","Mayhem"],"picked":"Apotheosis","floor":0.0},{"not_picked":["Pommel Strike","Infernal Blade"],"picked":"Shrug It Off","floor":1.0},{"not_picked":["Armaments","Body Slam"],"picked":"Evolve","floor":2.0},{"not_picked":["Sever Soul","Havoc","Second Wind"],"picked":"SKIP","floor":7.0},{"not_picked":["Infernal Blade","Clothesline"],"picked":"Battle Trance","floor":10.0},{"not_picked":["Perfected Strike","True Grit"],"picked":"Impervious","floor":14.0},{"not_picked":["Juggernaut","Exhume"],"picked":"Limit Break","floor":16.0},{"not_picked":["Clash+1","Headbutt"],"picked":"Twin Strike+1","floor":18.0},{"not_picked":["Carnage","Pommel Strike"],"picked":"Metallicize","floor":20.0},{"not_picked":["Inflame","Body Slam+1"],"picked":"Spot Weakness","floor":24.0},{"not_picked":["Sever Soul","Rampage+1"],"picked":"Battle Trance","floor":25.0},{"not_picked":["Iron Wave+1","Clothesline+1"],"picked":"Entrench+1","floor":27.0},{"not_picked":["Perfected Strike+1","Clothesline+1"],"picked":"Impervious","floor":27.0},{"not_picked":["Blood for Blood+1","Twin Strike+1"],"picked":"Shrug It Off","floor":27.0},{"not_picked":["Havoc","Wild Strike+1","Combust+1"],"picked":"SKIP","floor":29.0},{"not_picked":["Wild Strike+1","Clothesline+1","Carnage+1"],"picked":"SKIP","floor":31.0},{"not_picked":["Feed+1","Double Tap"],"picked":"Limit Break","floor":33.0},{"not_picked":["Heavy Blade+1","Thunderclap+1"],"picked":"Power Through","floor":35.0},{"not_picked":["Dark Embrace","Shrug It Off+1"],"picked":"Sword Boomerang+1","floor":36},{"not_picked":["Twin Strike+1","Pommel Strike+1"],"picked":"Thunderclap+1","floor":38},{"not_picked":["Battle Trance","Body Slam+1","Infernal Blade"],"picked":"SKIP","floor":42},{"not_picked":["Reckless Charge+1","Cleave+1","Blood for Blood+1"],"picked":"SKIP","floor":45}],"player_experience":162553,"relics_obtained":[{"floor":9.0,"key":"Red Skull"},{"floor":10.0,"key":"Mercury Hourglass"},{"floor":22.0,"key":"Enchiridion"},{"floor":26.0,"key":"Molten Egg 2"},{"floor":43,"key":"Thread and Needle"}],"event_choices":[{"damage_healed":0.0,"max_hp_gain":0.0,"max_hp_loss":0.0,"gold_gain":0.0,"event_name":"Match and Keep!","player_choice":"1 cards matched","floor":3.0,"gold_loss":0.0,"damage_taken":0.0,"cards_obtained":["Limit Break"]},{"damage_healed":0.0,"max_hp_gain":0.0,"max_hp_loss":0.0,"gold_gain":275.0,"event_name":"Golden Shrine","player_choice":"Desecrate","floor":5.0,"gold_loss":0.0,"damage_taken":0.0,"cards_obtained":["Regret"]},{"damage_healed":0.0,"max_hp_gain":0.0,"max_hp_loss":0.0,"gold_gain":0.0,"event_name":"Golden Idol","player_choice":"Take Damage","floor":11.0,"gold_loss":0.0,"damage_taken":18.0,"relics_obtained":["Golden Idol"]},{"damage_healed":0.0,"max_hp_gain":0.0,"max_hp_loss":0.0,"gold_gain":0.0,"event_name":"Shining Light","player_choice":"Ignored","floor":12.0,"gold_loss":0.0,"damage_taken":0.0},{"damage_healed":0.0,"max_hp_gain":0.0,"max_hp_loss":0.0,"gold_gain":99.0,"event_name":"Nest","player_choice":"Stole From Cult","floor":21.0,"gold_loss":0.0,"damage_taken":0.0},{"damage_healed":0.0,"max_hp_gain":0.0,"max_hp_loss":0.0,"gold_gain":0.0,"event_name":"Cursed Tome","player_choice":"Obtained Book","floor":22.0,"gold_loss":0.0,"damage_taken":16.0},{"damage_healed":0.0,"max_hp_gain":0.0,"max_hp_loss":0.0,"gold_gain":0.0,"event_name":"Vampires","player_choice":"Ignored","floor":28.0,"gold_loss":0.0,"damage_taken":0.0},{"damage_healed":0,"gold_gain":0,"player_choice":"Copied","damage_taken":0,"max_hp_gain":0,"max_hp_loss":0,"event_name":"Duplicator","floor":37,"gold_loss":0,"cards_obtained":["Spot Weakness"]},{"damage_healed":0,"gold_gain":0,"player_choice":"Bought 1 Potion","damage_taken":0,"max_hp_gain":0,"max_hp_loss":0,"event_name":"The Woman in Blue","floor":39,"gold_loss":0},{"damage_healed":0,"gold_gain":0,"player_choice":"Ignored","damage_taken":0,"max_hp_gain":0,"max_hp_loss":0,"event_name":"Mysterious Sphere","floor":48,"gold_loss":0}],"is_beta":true,"boss_relics":[{"not_picked":["Black Star","Mark of Pain"],"picked":"Pandora\u0027s Box"},{"not_picked":["Busted Crown","Coffee Dripper"],"picked":"Astrolabe"}],"items_purged_floors":[13,19],"is_endless":false,"potions_floor_spawned":[7,10,18,24,25,31,36,45],"ascension_level":7}