{"gold_per_floor":[119,119,119,79,79,79,90,90,90,116,191,52,72,83,83,178,178,193,218,230,155,173,204,303,303,327,327,362,362,362,142,142,245,245,259,274,274,29,29,29,61,86,86,86,104,115,126,37,37,37,37,37,37,69,69],"floor_reached":56,"playtime":1727,"items_purged":["Strike_R","Strike_R"],"score":1507,"play_id":"ebd64624-1e77-49cf-b070-bc1c3dd2a8dd","local_time":"20191219152749","is_ascension_mode":true,"campfire_choices":[{"data":"Fire Breathing","floor":6,"key":"SMITH"},{"data":"Evolve","floor":8,"key":"SMITH"},{"data":"Wild Strike","floor":15,"key":"SMITH"},{"floor":25,"key":"REST"},{"floor":29,"key":"REST"},{"data":"Immolate","floor":32,"key":"SMITH"},{"floor":40,"key":"RECALL"},{"data":"Wild Strike","floor":44,"key":"SMITH"},{"floor":49,"key":"REST"},{"data":"Defend_R","floor":52,"key":"SMITH"}],"neow_cost":"NONE","seed_source_timestamp":68266504600357,"circlet_count":0,"master_deck":["Strike_R","Defend_R+1","Defend_R+1","Defend_R","Defend_R+1","Bash","Headbutt","Evolve+1","Fire Breathing+1","Panacea+1","Wild Strike+1","Battle Trance+1","Immolate+1","Intimidate+1","Flame Barrier+1","Offering+1","Wild Strike+1","Shrug It Off+1","Entrench+1","Evolve+1","Fire Breathing+1","Shrug It Off+1","Intimidate+1"],"relics":["Burning Blood","NeowsBlessing","Blue Candle","Toxic Egg 2","Tiny Chest","Mark of Pain","Blood Vial","Boot","Oddly Smooth Stone","Nilry\u0027s Codex","Bag of Preparation","Bottled Tornado","Empty Cage","Calipers","Matryoshka","Regal Pillow","Vajra","Letter Opener","Frozen Egg 2","Bronze Scales"],"potions_floor_usage":[14,16,22,28,28,33,47,55,55,55],"damage_taken":[{"damage":0,"enemies":"2 Louse","floor":1,"turns":1},{"damage":0,"enemies":"Small Slimes","floor":7,"turns":1},{"damage":0,"enemies":"Gremlin Nob","floor":10,"turns":1},{"damage":6,"enemies":"Cultist","floor":13,"turns":4},{"damage":0,"enemies":"3 Louse","floor":14,"turns":2},{"damage":40,"enemies":"Hexaghost","floor":16,"turns":8},{"damage":12,"enemies":"3 Byrds","floor":18,"turns":3},{"damage":7,"enemies":"Chosen","floor":20,"turns":3},{"damage":6,"enemies":"Shelled Parasite and Fungi","floor":22,"turns":4},{"damage":24,"enemies":"Book of Stabbing","floor":23,"turns":4},{"damage":50,"enemies":"Slavers","floor":28,"turns":4},{"damage":37,"enemies":"Automaton","floor":33,"turns":8},{"damage":22,"enemies":"Orb Walker","floor":35,"turns":4},{"damage":2,"enemies":"3 Shapes","floor":36,"turns":3},{"damage":9,"enemies":"Nemesis","floor":41,"turns":5},{"damage":4,"enemies":"3 Darklings","floor":45,"turns":2},{"damage":19,"enemies":"4 Shapes","floor":46,"turns":2},{"damage":3,"enemies":"Writhing Mass","floor":47,"turns":7},{"damage":35,"enemies":"Donu and Deca","floor":50,"turns":6},{"damage":37,"enemies":"Shield and Spear","floor":54,"turns":3},{"damage":26,"enemies":"The Heart","floor":55,"turns":6}],"seed_played":"6372830052830444839","potions_obtained":[{"floor":10,"key":"Weak Potion"},{"floor":13,"key":"Explosive Potion"},{"floor":14,"key":"SteroidPotion"},{"floor":16,"key":"BloodPotion"},{"floor":22,"key":"LiquidBronze"},{"floor":46,"key":"Weak Potion"},{"floor":47,"key":"PowerPotion"},{"floor":54,"key":"Dexterity Potion"}],"is_trial":false,"path_per_floor":["M","?","?","$","?","R","M","R","T","E","?","$","M","M","R","B",null,"M","T","M","$","M","E","?","R","T","?","E","R","T","$","R","B",null,"M","M","T","$","?","R","E","T","T","R","M","M","M","$","R","B",null,"R","$","E","B",null],"character_chosen":"IRONCLAD","items_purchased":["Evolve","Panacea+1","AttackPotion","Flame Barrier+1","SteroidPotion","Matryoshka","Fire Breathing+1","Shrug It Off+1"],"campfire_rested":3,"item_purchase_floors":[4,12,12,31,31,38,48,48],"current_hp_per_floor":[78,75,59,59,59,59,65,65,65,71,60,60,60,66,66,32,68,62,62,63,63,65,49,49,73,73,57,31,55,55,55,55,26,67,53,59,59,59,59,59,58,58,58,58,62,51,56,56,80,51,73,73,73,44,26],"gold":69,"neow_bonus":"THREE_ENEMY_KILL","is_prod":false,"is_daily":false,"chose_seed":false,"campfire_upgraded":6,"win_rate":0,"timestamp":1576751269,"path_taken":["M","?","?","$","?","R","?","R","T","E","?","?","M","?","R","BOSS","M","?","M","$","?","E","?","R","T","?","E","R","?","$","R","BOSS","M","?","?","$","?","R","E","?","T","R","M","M","?","?","R","BOSS","R","$","E","BOSS"],"build_version":"2019-10-30","purchased_purges":2,"victory":true,"max_hp_per_floor":[80,80,80,80,80,80,80,80,80,80,80,80,80,80,80,80,80,80,80,80,80,80,80,80,80,80,80,80,80,80,80,80,80,80,80,80,80,80,80,80,80,80,80,80,80,80,80,80,80,80,80,80,80,80,80],"card_choices":[{"not_picked":["Clash","Armaments"],"picked":"Headbutt","floor":1},{"not_picked":["Spot Weakness","Feel No Pain","Twin Strike"],"picked":"SKIP","floor":7},{"not_picked":["Iron Wave","Uppercut","Inflame"],"picked":"SKIP","floor":10},{"not_picked":["Flame Barrier+1","Flex+1"],"picked":"Wild Strike","floor":13},{"not_picked":["Seeing Red+1","Dual Wield+1"],"picked":"Battle Trance+1","floor":14},{"not_picked":["Reaper","Juggernaut"],"picked":"Immolate","floor":16},{"not_picked":["Entrench+1","Searing Blow","Iron Wave"],"picked":"SKIP","floor":18},{"not_picked":["Thunderclap+1","Spot Weakness+1"],"picked":"Intimidate+1","floor":20},{"not_picked":["Flex+1","Cleave","Intimidate+1"],"picked":"SKIP","floor":22},{"not_picked":["Uppercut","Clash","Burning Pact+1"],"picked":"SKIP","floor":23},{"not_picked":["Carnage","Rupture+1","Blood for Blood"],"picked":"SKIP","floor":28},{"not_picked":["Exhume+1","Limit Break+1"],"picked":"Offering+1","floor":33},{"not_picked":["Headbutt+1","Cleave"],"picked":"Wild Strike","floor":35},{"not_picked":["True Grit+1","Iron Wave"],"picked":"Shrug It Off+1","floor":36},{"not_picked":["Corruption","Rage+1","Sword Boomerang"],"picked":"SKIP","floor":41},{"not_picked":["Sword Boomerang","Cleave"],"picked":"Entrench+1","floor":45},{"not_picked":["Pommel Strike+1","Sword Boomerang","Bloodletting+1"],"picked":"SKIP","floor":46},{"not_picked":["Twin Strike","Perfected Strike"],"picked":"Evolve+1","floor":47},{"not_picked":["Second Wind+1","Havoc+1"],"picked":"Intimidate+1","floor":54}],"player_experience":152991,"relics_obtained":[{"floor":9,"key":"Toxic Egg 2"},{"floor":10,"key":"Tiny Chest"},{"floor":19,"key":"Blood Vial"},{"floor":23,"key":"Boot"},{"floor":26,"key":"Oddly Smooth Stone"},{"floor":27,"key":"Nilry\u0027s Codex"},{"floor":28,"key":"Bag of Preparation"},{"floor":30,"key":"Bottled Tornado"},{"floor":37,"key":"Calipers"},{"floor":41,"key":"Regal Pillow"},{"floor":42,"key":"Vajra"},{"floor":43,"key":"Letter Opener"},{"floor":43,"key":"Frozen Egg 2"},{"floor":54,"key":"Bronze Scales"}],"event_choices":[{"damage_healed":0,"gold_gain":0,"player_choice":"Success","damage_taken":3,"relics_obtained":["Blue Candle"],"max_hp_gain":0,"max_hp_loss":0,"event_name":"Scrap Ooze","floor":2,"gold_loss":0},{"damage_healed":0,"gold_gain":0,"player_choice":"Entered Light","damage_taken":16,"max_hp_gain":0,"max_hp_loss":0,"event_name":"Shining Light","floor":3,"gold_loss":0,"cards_upgraded":["Defend_R","Defend_R"]},{"damage_healed":0,"gold_gain":0,"player_choice":"1 cards matched","damage_taken":0,"max_hp_gain":0,"max_hp_loss":0,"event_name":"Match and Keep!","floor":5,"gold_loss":0,"cards_obtained":["Fire Breathing"]},{"damage_healed":0,"gold_gain":75,"player_choice":"Gather Gold","damage_taken":11,"max_hp_gain":0,"max_hp_loss":0,"event_name":"World of Goop","floor":11,"gold_loss":0},{"damage_healed":0,"gold_gain":99,"player_choice":"Stole From Cult","damage_taken":0,"max_hp_gain":0,"max_hp_loss":0,"event_name":"Nest","floor":24,"gold_loss":0},{"damage_healed":0,"gold_gain":0,"player_choice":"Obtained Book","damage_taken":16,"max_hp_gain":0,"max_hp_loss":0,"event_name":"Cursed Tome","floor":27,"gold_loss":0},{"damage_healed":0,"gold_gain":0,"player_choice":"Ignored","damage_taken":0,"max_hp_gain":0,"max_hp_loss":0,"event_name":"WeMeetAgain","floor":39,"gold_loss":0}],"is_beta":true,"boss_relics":[{"not_picked":["Runic Pyramid","Sozu"],"picked":"Mark of Pain"},{"not_picked":["Black Blood","SlaversCollar"],"picked":"Empty Cage"}],"items_purged_floors":[21,31],"is_endless":false,"potions_floor_spawned":[10,13,14,16,22,23,46,47,54],"ascension_level":6}