{"gold_per_floor":[118,129,129,129,204,204,235,235,235,235,88,101,131,151,151,247,247,266,266,281,196,196,196,213,213,292,31,49,49,49,59,59,159,159,177,452,377,392,246,246,296,296,296,306,10,21,21,21,21,21],"floor_reached":50,"playtime":1619,"items_purged":["Regret"],"score":627,"play_id":"ec000ed9-c838-41aa-a70b-bf241e21b234","local_time":"20191212183808","is_ascension_mode":true,"campfire_choices":[{"data":"Shrug It Off","floor":6,"key":"SMITH"},{"data":"Body Slam","floor":8,"key":"SMITH"},{"data":"Berserk","floor":15,"key":"SMITH"},{"data":"Flame Barrier","floor":25,"key":"SMITH"},{"data":"Impervious","floor":29,"key":"SMITH"},{"data":"Evolve","floor":32,"key":"SMITH"},{"data":"Berserk","floor":40,"key":"SMITH"},{"data":"Iron Wave","floor":42,"key":"SMITH"},{"data":"Inflame","floor":49,"key":"SMITH"}],"neow_cost":"NONE","seed_source_timestamp":2520577292937495,"circlet_count":0,"master_deck":["Body Slam+1","Shrug It Off+1","Body Slam+1","Burning Pact","Evolve+1","Flame Barrier+1","Berserk+1","Impervious+1","Shrug It Off+1","Berserk+1","Hemokinesis","Inflame+1","Sever Soul","Cleave","Anger","Wild Strike","Iron Wave+1","Ghostly Armor+1","Sucker Punch+1","Bandage Up"],"relics":["Black Blood","Champion Belt","HornCleat","War Paint","Odd Mushroom","Pantograph","Nloth\u0027s Gift","Mercury Hourglass","Pandora\u0027s Box","PrismaticShard","Mango","Molten Egg 2","Medical Kit","Omamori","Ginger"],"potions_floor_usage":[23,33,33,33,50,50,50],"damage_taken":[{"damage":0,"enemies":"Small Slimes","floor":1,"turns":1},{"damage":0,"enemies":"2 Louse","floor":2,"turns":1},{"damage":0,"enemies":"3 Sentries","floor":7,"turns":2},{"damage":0,"enemies":"Jaw Worm","floor":12,"turns":2},{"damage":0,"enemies":"The Mushroom Lair","floor":13,"turns":4},{"damage":0,"enemies":"Red Slaver","floor":14,"turns":2},{"damage":23,"enemies":"The Guardian","floor":16,"turns":13},{"damage":0,"enemies":"Chosen","floor":18,"turns":3},{"damage":8,"enemies":"3 Byrds","floor":20,"turns":4},{"damage":0,"enemies":"Gremlin Leader","floor":23,"turns":3},{"damage":7,"enemies":"Snake Plant","floor":24,"turns":5},{"damage":1,"enemies":"Snecko","floor":28,"turns":7},{"damage":2,"enemies":"Chosen and Byrds","floor":31,"turns":7},{"damage":39,"enemies":"Collector","floor":33,"turns":8},{"damage":42,"enemies":"3 Darklings","floor":35,"turns":7},{"damage":9,"enemies":"3 Shapes","floor":38,"turns":5},{"damage":0,"enemies":"Mind Bloom Boss Battle","floor":41,"turns":6},{"damage":37,"enemies":"Spire Growth","floor":44,"turns":7},{"damage":41,"enemies":"Transient","floor":46,"turns":5},{"damage":83,"enemies":"Time Eater","floor":50,"turns":10}],"seed_played":"-100242818262085815","potions_obtained":[{"floor":7,"key":"PowerPotion"},{"floor":16,"key":"SmokeBomb"},{"floor":20,"key":"GamblersBrew"},{"floor":24,"key":"LiquidBronze"},{"floor":31,"key":"Explosive Potion"},{"floor":33,"key":"Strength Potion"},{"floor":38,"key":"ColorlessPotion"},{"floor":41,"key":"SkillPotion"}],"is_trial":false,"path_per_floor":["M","M","?","?","?","R","E","R","T","?","$","M","?","M","R","B",null,"M","?","M","?","?","E","M","R","T","$","M","R","?","M","R","B",null,"M","?","$","M","$","R","?","R","T","M","$","M","?","T","R","B"],"character_chosen":"IRONCLAD","items_purchased":["War Paint","Mercury Hourglass","PrismaticShard","Medical Kit","Omamori"],"campfire_rested":0,"item_purchase_floors":[11,27,39,45,45],"current_hp_per_floor":[80,80,73,57,46,46,52,52,52,52,52,58,64,70,70,53,80,80,80,80,80,80,80,80,80,80,80,80,80,65,75,75,58,85,55,55,55,58,58,58,99,99,99,74,74,45,45,45,45,0],"gold":21,"neow_bonus":"THREE_ENEMY_KILL","is_prod":false,"is_daily":false,"chose_seed":false,"campfire_upgraded":9,"win_rate":0,"timestamp":1576157888,"path_taken":["M","M","?","?","?","R","E","R","T","?","$","M","?","M","R","BOSS","M","?","?","?","?","E","M","R","T","$","?","R","?","M","R","BOSS","M","?","$","?","$","R","?","R","T","M","?","M","?","?","R","BOSS"],"build_version":"2019-10-30","purchased_purges":1,"victory":false,"max_hp_per_floor":[80,80,80,80,80,80,80,80,80,80,80,80,80,80,80,80,80,80,80,80,80,80,80,80,80,80,80,80,80,85,85,85,85,85,85,85,85,85,85,85,99,99,99,99,99,99,99,99,99,99],"card_choices":[{"not_picked":["Clash","Dual Wield"],"picked":"Body Slam","floor":1},{"not_picked":["Clash","Twin Strike"],"picked":"Shrug It Off","floor":2},{"not_picked":["Thunderclap","Sword Boomerang"],"picked":"Body Slam","floor":7},{"not_picked":["Sword Boomerang","Shockwave"],"picked":"Evolve","floor":12},{"not_picked":["Power Through","Feel No Pain"],"picked":"Flame Barrier","floor":13},{"not_picked":["Rupture","Carnage"],"picked":"Berserk","floor":14},{"not_picked":["Immolate","Double Tap"],"picked":"Impervious","floor":16},{"not_picked":["Perfected Strike","Thunderclap","Anger+1"],"picked":"SKIP","floor":18},{"not_picked":["Anger","Wild Strike","Clothesline+1"],"picked":"SKIP","floor":20},{"not_picked":["Sentinel","Rampage"],"picked":"Shrug It Off+1","floor":24},{"not_picked":["Wild Strike","Fiend Fire","Twin Strike+1"],"picked":"SKIP","floor":28},{"not_picked":["Clothesline","Wild Strike+1","Rupture"],"picked":"SKIP","floor":31},{"not_picked":["Brutality","Double Tap"],"picked":"Berserk","floor":33},{"not_picked":["Spot Weakness+1","Warcry+1"],"picked":"Ghostly Armor+1","floor":35},{"not_picked":["Dark Embrace+1","Fire Breathing+1","Wild Strike+1"],"picked":"SKIP","floor":38},{"not_picked":["JustLucky+1","FollowUp+1"],"picked":"Sucker Punch+1","floor":44},{"not_picked":["MasterReality","Pray+1","Hemokinesis+1"],"picked":"SKIP","floor":46},{"not_picked":["Swift Strike+1","Mind Blast+1"],"picked":"Bandage Up","floor":47}],"player_experience":131637,"relics_obtained":[{"floor":7,"key":"Champion Belt"},{"floor":9,"key":"HornCleat"},{"floor":13,"key":"Odd Mushroom"},{"floor":41,"key":"Mango"},{"floor":43,"key":"Molten Egg 2"},{"floor":48,"key":"Ginger"}],"event_choices":[{"cards_removed":["Strike_R"],"damage_healed":0,"gold_gain":0,"player_choice":"Card Removal","damage_taken":7,"max_hp_gain":0,"max_hp_loss":0,"event_name":"Golden Wing","floor":3,"gold_loss":0},{"damage_healed":0,"gold_gain":0,"player_choice":"Entered Light","damage_taken":16,"max_hp_gain":0,"max_hp_loss":0,"event_name":"Shining Light","floor":4,"gold_loss":0,"cards_upgraded":["Strike_R","Body Slam"]},{"damage_healed":0,"gold_gain":75,"player_choice":"Gather Gold","damage_taken":11,"max_hp_gain":0,"max_hp_loss":0,"event_name":"World of Goop","floor":5,"gold_loss":0},{"damage_healed":0,"gold_gain":0,"cards_transformed":["Strike_R"],"player_choice":"Change","damage_taken":0,"max_hp_gain":0,"max_hp_loss":0,"event_name":"Living Wall","floor":10,"gold_loss":0,"cards_obtained":["Burning Pact"]},{"damage_healed":0,"gold_gain":0,"player_choice":"Fought Mushrooms","damage_taken":0,"max_hp_gain":0,"max_hp_loss":0,"event_name":"Mushrooms","floor":13,"gold_loss":0},{"cards_removed":["Bash"],"damage_healed":0,"gold_gain":0,"player_choice":"Offered Basic","damage_taken":0,"max_hp_gain":0,"max_hp_loss":0,"event_name":"Bonfire Elementals","floor":19,"gold_loss":0},{"damage_healed":0,"gold_gain":0,"player_choice":"Obtained Relic","damage_taken":0,"relics_obtained":["Pantograph"],"max_hp_gain":0,"max_hp_loss":0,"event_name":"Addict","floor":21,"gold_loss":85},{"damage_healed":0,"gold_gain":0,"player_choice":"Traded Relic","damage_taken":0,"relics_obtained":["Nloth\u0027s Gift"],"max_hp_gain":0,"max_hp_loss":0,"event_name":"N\u0027loth","floor":22,"relics_lost":["NeowsBlessing"],"gold_loss":0},{"damage_healed":0,"gold_gain":0,"player_choice":"Shed Blood","damage_taken":20,"max_hp_gain":5,"max_hp_loss":0,"event_name":"Forgotten Altar","floor":30,"gold_loss":0},{"damage_healed":0,"gold_gain":275,"player_choice":"Desecrate","damage_taken":0,"max_hp_gain":0,"max_hp_loss":0,"event_name":"Golden Shrine","floor":36,"gold_loss":0,"cards_obtained":["Regret"]},{"damage_healed":0,"gold_gain":0,"player_choice":"Fight","damage_taken":0,"max_hp_gain":0,"max_hp_loss":0,"event_name":"MindBloom","floor":41,"gold_loss":0},{"damage_healed":0,"gold_gain":0,"player_choice":"Memory 1","damage_taken":0,"max_hp_gain":0,"max_hp_loss":0,"event_name":"SensoryStone","floor":47,"gold_loss":0}],"is_beta":true,"boss_relics":[{"not_picked":["Runic Dome","Philosopher\u0027s Stone"],"picked":"Black Blood"},{"not_picked":["Snecko Eye","Runic Pyramid"],"picked":"Pandora\u0027s Box"}],"items_purged_floors":[37],"is_endless":false,"potions_floor_spawned":[7,16,20,24,31,33,38,41],"killed_by":"Time Eater","ascension_level":4}