{"gold_per_floor":[113,113,133,133,188,188,205,221,221,235,235,246,246,262,262,262],"floor_reached":16,"playtime":584,"items_purged":[],"score":127,"play_id":"1f359d4d-48b4-4c0e-b17f-be10c0af18da","local_time":"20191219231743","is_ascension_mode":true,"campfire_choices":[{"floor":6.0,"key":"REST"},{"data":"Limit Break","floor":13.0,"key":"SMITH"},{"data":"Flex","floor":15,"key":"SMITH"}],"neow_cost":"PERCENT_DAMAGE","seed_source_timestamp":97483260553575,"circlet_count":0,"master_deck":["Strike_R","Strike_R","Strike_R","Strike_R","Strike_R","Defend_R","Defend_R","Defend_R","Defend_R","Bash","Limit Break+1","Heavy Blade","Flex+1","Pummel","Barricade","Twin Strike","Evolve"],"special_seed":0,"relics":["Burning Blood","Darkstone Periapt","InkBottle","Letter Opener","Pantograph"],"potions_floor_usage":[],"damage_taken":[{"damage":16.0,"enemies":"Cultist","floor":1.0,"turns":4.0},{"damage":7.0,"enemies":"Jaw Worm","floor":3.0,"turns":3.0},{"damage":0.0,"enemies":"2 Louse","floor":7.0,"turns":3.0},{"damage":12.0,"enemies":"Looter","floor":8.0,"turns":3.0},{"damage":11.0,"enemies":"Lots of Slimes","floor":10.0,"turns":5.0},{"damage":5.0,"enemies":"Gremlin Gang","floor":12.0,"turns":3.0},{"damage":32,"enemies":"Large Slime","floor":14,"turns":6},{"damage":91,"enemies":"Hexaghost","floor":16,"turns":9}],"seed_played":"-2925538149495302545","potions_obtained":[{"floor":7.0,"key":"FairyPotion"},{"floor":10.0,"key":"DistilledChaos"}],"is_trial":false,"path_per_floor":["M","T","M","T","?","R","M","M","T","M","T","M","R","M","R","B"],"character_chosen":"IRONCLAD","items_purchased":[],"campfire_rested":1,"item_purchase_floors":[],"current_hp_per_floor":[41,41,40,40,40,64,70,64,64,59,59,60,60,34,34,0],"gold":262,"neow_bonus":"THREE_RARE_CARDS","is_prod":false,"is_daily":false,"chose_seed":false,"campfire_upgraded":2,"win_rate":0,"timestamp":1576779463,"path_taken":["M","?","M","?","?","R","M","M","T","M","?","M","R","?","R","BOSS"],"build_version":"2019-10-30","purchased_purges":0,"victory":false,"max_hp_per_floor":[80,80,80,80,80,80,80,80,80,80,80,80,80,80,80,80],"card_choices":[{"not_picked":["Brutality","Reaper"],"picked":"Limit Break","floor":0.0},{"not_picked":["Headbutt","Pommel Strike"],"picked":"Heavy Blade","floor":1.0},{"not_picked":["Wild Strike","Anger"],"picked":"Flex","floor":3.0},{"not_picked":["Anger","True Grit"],"picked":"Pummel","floor":7.0},{"not_picked":["Heavy Blade","Pommel Strike"],"picked":"Barricade","floor":8.0},{"not_picked":["Sentinel","True Grit"],"picked":"Twin Strike","floor":10.0},{"not_picked":["Sword Boomerang","Reckless Charge","Clash"],"picked":"SKIP","floor":12.0},{"not_picked":["Wild Strike","Combust"],"picked":"Evolve","floor":14}],"player_experience":156680,"relics_obtained":[{"floor":2.0,"key":"Darkstone Periapt"},{"floor":4.0,"key":"InkBottle"},{"floor":9.0,"key":"Letter Opener"},{"floor":11.0,"key":"Pantograph"}],"event_choices":[{"damage_healed":0.0,"max_hp_gain":0.0,"max_hp_loss":0.0,"gold_gain":55.0,"event_name":"Golden Wing","player_choice":"Gained Gold","floor":5.0,"gold_loss":0.0,"damage_taken":0.0}],"is_beta":true,"boss_relics":[],"items_purged_floors":[],"is_endless":false,"potions_floor_spawned":[7,10],"killed_by":"Hexaghost","ascension_level":7}