{"gold_per_floor":[119,137,22,22,22,22,51,70,70,70,245,263,292,302,302,404,454,470,484,499,499,113,113,113],"floor_reached":24,"playtime":805,"items_purged":["Strike_R"],"score":313,"play_id":"a1ace7ac-8f20-4be8-965c-b12765052c55","local_time":"20191229190528","is_ascension_mode":true,"campfire_choices":[{"floor":6,"key":"REST"},{"data":"Wild Strike","floor":10,"key":"SMITH"},{"data":"Wild Strike","floor":15,"key":"SMITH"},{"data":"True Grit","floor":23,"key":"SMITH"}],"neow_cost":"PERCENT_DAMAGE","seed_source_timestamp":946348396555012,"circlet_count":0,"master_deck":["Strike_R","Strike_R+1","Strike_R+1","Strike_R+1","Defend_R","Defend_R","Defend_R","Defend_R","Bash","Wild Strike+1","Headbutt","Evolve","Flame Barrier","Wild Strike+1","Doubt","Battle Trance","Metallicize+1","Berserk+1","True Grit+1","Dual Wield","Shrug It Off+1"],"relics":["Burning Blood","Frozen Egg 2","Bottled Flame","InkBottle","Tiny House","Turnip"],"potions_floor_usage":[7,16,16,16,20,24],"damage_taken":[{"damage":8,"enemies":"Jaw Worm","floor":1,"turns":5},{"damage":0,"enemies":"2 Louse","floor":2,"turns":3},{"damage":13,"enemies":"3 Sentries","floor":7,"turns":8},{"damage":6,"enemies":"Cultist","floor":8,"turns":3},{"damage":11,"enemies":"Looter","floor":12,"turns":2},{"damage":39,"enemies":"Lagavulin","floor":13,"turns":8},{"damage":0,"enemies":"3 Louse","floor":14,"turns":5},{"damage":38,"enemies":"Slime Boss","floor":16,"turns":7},{"damage":7,"enemies":"Chosen","floor":18,"turns":4},{"damage":1,"enemies":"3 Byrds","floor":19,"turns":2},{"damage":37,"enemies":"Centurion and Healer","floor":20,"turns":5},{"damage":58,"enemies":"Gremlin Leader","floor":24,"turns":6}],"seed_played":"-778807685829061779","potions_obtained":[{"floor":1,"key":"LiquidMemories"},{"floor":5,"key":"EntropicBrew"},{"floor":5,"key":"Regen Potion"},{"floor":7,"key":"BloodPotion"},{"floor":14,"key":"Fire Potion"},{"floor":20,"key":"LiquidMemories"}],"is_trial":false,"path_per_floor":["M","M","$","?","?","R","E","M","T","R","?","M","E","M","R","B",null,"M","M","M","?","$","R","E"],"character_chosen":"IRONCLAD","items_purchased":["Evolve","Flame Barrier","Turnip"],"campfire_rested":1,"item_purchase_floors":[3,3,22],"current_hp_per_floor":[65,71,71,52,52,80,73,73,73,73,73,68,35,41,41,28,84,83,88,57,57,57,57,0],"gold":113,"neow_bonus":"TWENTY_PERCENT_HP_BONUS","is_prod":false,"is_daily":false,"chose_seed":false,"campfire_upgraded":3,"win_rate":0,"timestamp":1577628328,"path_taken":["M","M","$","?","?","R","E","?","T","R","?","M","E","M","R","BOSS","M","M","M","?","$","R","E"],"build_version":"2019-10-30","purchased_purges":1,"victory":false,"max_hp_per_floor":[96,96,96,96,96,96,96,96,96,96,96,96,96,96,96,96,101,101,101,101,101,101,101,101],"card_choices":[{"not_picked":["Blood for Blood","True Grit"],"picked":"Wild Strike","floor":1},{"not_picked":["Blood for Blood","Clothesline"],"picked":"Headbutt","floor":2},{"not_picked":["Body Slam","Pommel Strike","Spot Weakness"],"picked":"SKIP","floor":7},{"not_picked":["Blood for Blood","Cleave"],"picked":"Wild Strike","floor":8},{"not_picked":["Intimidate","Armaments"],"picked":"Battle Trance","floor":12},{"not_picked":["Iron Wave","Feed"],"picked":"Metallicize+1","floor":13},{"not_picked":["Warcry","Clothesline","Searing Blow"],"picked":"SKIP","floor":14},{"not_picked":["Feed","Corruption+1"],"picked":"Berserk+1","floor":16},{"not_picked":["Spot Weakness","Headbutt"],"picked":"True Grit","floor":18},{"not_picked":["Body Slam","Twin Strike+1"],"picked":"Dual Wield","floor":19},{"not_picked":["Ghostly Armor","Twin Strike"],"picked":"Shrug It Off+1","floor":20}],"player_experience":187628,"relics_obtained":[{"floor":7,"key":"Frozen Egg 2"},{"floor":9,"key":"Bottled Flame"},{"floor":13,"key":"InkBottle"}],"event_choices":[{"damage_healed":0,"gold_gain":0,"player_choice":"Entered Light","damage_taken":19,"max_hp_gain":0,"max_hp_loss":0,"event_name":"Shining Light","floor":4,"gold_loss":0,"cards_upgraded":["Strike_R","Strike_R"]},{"damage_healed":0,"gold_gain":0,"player_choice":"Got Potions","damage_taken":0,"max_hp_gain":0,"max_hp_loss":0,"event_name":"Lab","floor":5,"gold_loss":0},{"damage_healed":0,"gold_gain":175,"player_choice":"AGREE","damage_taken":0,"max_hp_gain":0,"max_hp_loss":0,"event_name":"Liars Game","floor":11,"gold_loss":0,"cards_obtained":["Doubt"]},{"damage_healed":0,"gold_gain":0,"player_choice":"Ignored","damage_taken":0,"max_hp_gain":0,"max_hp_loss":0,"event_name":"Cursed Tome","floor":21,"gold_loss":0}],"is_beta":true,"boss_relics":[{"not_picked":["SacredBark","Runic Pyramid"],"picked":"Tiny House"}],"items_purged_floors":[22],"is_endless":false,"potions_floor_spawned":[1,7,14,18,20],"killed_by":"Gremlin Leader","ascension_level":8}