{"gold_per_floor":[359,197,197,209,222,249,266,285,358,42,69,344,382,416,416,416],"floor_reached":16,"playtime":902,"items_purged":["Bash","Strike_R"],"score":171,"play_id":"c26dc061-c1b6-4fa7-baf5-c97ba3da365d","local_time":"20191224175008","is_ascension_mode":true,"campfire_choices":[{"data":"Body Slam","floor":15,"key":"SMITH"}],"neow_cost":"TEN_PERCENT_HP_LOSS","seed_source_timestamp":509648303619394,"circlet_count":0,"master_deck":["Strike_R","Strike_R","Strike_R","Strike_R","Defend_R","Defend_R","Defend_R","Defend_R","Shockwave","Flame Barrier","Body Slam+1","Evolve","Battle Trance","Shrug It Off","Ghostly Armor","Entrench","Panacea","Corruption","Regret","Warcry"],"special_seed":0,"relics":["Burning Blood","Prayer Wheel","Singing Bowl","Charon\u0027s Ashes","Bag of Preparation"],"potions_floor_usage":[11,13,14,14],"damage_taken":[{"damage":0.0,"enemies":"Small Slimes","floor":1.0,"turns":3.0},{"damage":7.0,"enemies":"Cultist","floor":4.0,"turns":4.0},{"damage":9.0,"enemies":"Jaw Worm","floor":5.0,"turns":5.0},{"damage":46.0,"enemies":"Gremlin Nob","floor":6.0,"turns":6.0},{"damage":6.0,"enemies":"Red Slaver","floor":7.0,"turns":5.0},{"damage":9.0,"enemies":"Large Slime","floor":8.0,"turns":9.0},{"damage":10,"enemies":"Lagavulin","floor":11,"turns":10},{"damage":2,"enemies":"2 Fungi Beasts","floor":13,"turns":3},{"damage":12,"enemies":"3 Sentries","floor":14,"turns":5},{"damage":43,"enemies":"Slime Boss","floor":16,"turns":9}],"seed_played":"-2004095861277624123","potions_obtained":[{"floor":1.0,"key":"Regen Potion"},{"floor":6.0,"key":"Fruit Juice"},{"floor":8.0,"key":"ColorlessPotion"},{"floor":11,"key":"BlessingOfTheForge"}],"is_trial":false,"path_per_floor":["M","$","?","M","M","E","M","M","T","$","E","?","M","E","R","B"],"character_chosen":"IRONCLAD","items_purchased":["Flame Barrier","Body Slam","Entrench","Panacea","SpeedPotion"],"campfire_rested":0,"item_purchase_floors":[2,2,10,10,10],"current_hp_per_floor":[72,72,72,71,68,33,33,30,30,30,26,26,32,42,42,0],"gold":416,"neow_bonus":"TWO_FIFTY_GOLD","is_prod":false,"is_daily":false,"chose_seed":false,"campfire_upgraded":1,"win_rate":0,"timestamp":1577191808,"path_taken":["M","$","?","M","M","E","M","?","T","$","E","?","?","E","R","BOSS"],"build_version":"2019-10-30","purchased_purges":2,"victory":false,"max_hp_per_floor":[72,72,72,72,72,77,77,77,77,77,77,77,79,81,81,81],"card_choices":[{"not_picked":["Wild Strike","Iron Wave"],"picked":"Shockwave","floor":1.0},{"not_picked":["Inflame","Seeing Red"],"picked":"Evolve","floor":4.0},{"not_picked":["Uppercut","True Grit","Hemokinesis"],"picked":"SKIP","floor":5.0},{"not_picked":["True Grit","Pommel Strike"],"picked":"Battle Trance","floor":6.0},{"not_picked":["Intimidate","Thunderclap"],"picked":"Shrug It Off","floor":7.0},{"not_picked":["Clash","Pommel Strike","Cleave"],"picked":"SKIP","floor":7.0},{"not_picked":["Hemokinesis","Warcry"],"picked":"Ghostly Armor","floor":8.0},{"not_picked":["Spot Weakness","Carnage","Cleave"],"picked":"SKIP","floor":8.0},{"not_picked":["Sword Boomerang","Armaments"],"picked":"Corruption","floor":11},{"not_picked":["Havoc","Clash","Fire Breathing"],"picked":"Singing Bowl","floor":13},{"not_picked":["Headbutt","Pummel"],"picked":"Warcry","floor":13},{"not_picked":["Wild Strike","Iron Wave","Perfected Strike"],"picked":"Singing Bowl","floor":14}],"player_experience":176091,"relics_obtained":[{"floor":6.0,"key":"Prayer Wheel"},{"floor":9.0,"key":"Singing Bowl"},{"floor":11,"key":"Charon\u0027s Ashes"},{"floor":14,"key":"Bag of Preparation"}],"event_choices":[{"damage_healed":0.0,"max_hp_gain":0.0,"max_hp_loss":0.0,"gold_gain":0.0,"event_name":"Match and Keep!","player_choice":"0 cards matched","floor":3.0,"gold_loss":0.0,"damage_taken":0.0,"cards_obtained":[]},{"damage_healed":0,"gold_gain":275,"player_choice":"Desecrate","damage_taken":0,"max_hp_gain":0,"max_hp_loss":0,"event_name":"Golden Shrine","floor":12,"gold_loss":0,"cards_obtained":["Regret"]}],"is_beta":true,"boss_relics":[],"items_purged_floors":[2,10],"is_endless":false,"potions_floor_spawned":[1,6,8,11],"killed_by":"Slime Boss","ascension_level":8}