{"gold_per_floor":[111,111,186,202,377,412,412,450,476,129,144,94,94,107,107,228,291,314,314,327,327],"floor_reached":21,"playtime":643,"items_purged":["Doubt"],"score":297,"play_id":"5f50217e-a428-4929-b58a-d5030fddbeb4","local_time":"20191224194049","is_ascension_mode":true,"campfire_choices":[{"data":"Havoc","floor":15,"key":"SMITH"}],"neow_cost":"NONE","seed_source_timestamp":516588952242395,"circlet_count":0,"master_deck":["Strike_R","Strike_R+1","Strike_R","Strike_R","Defend_R","Defend_R","Defend_R","Bash","Disarm","Cleave","Havoc+1","Fire Breathing","Flex","Power Through","Barricade","True Grit","Shrug It Off","Body Slam+1"],"relics":["Burning Blood","NeowsBlessing","Golden Idol","Red Skull","Bag of Preparation","Vajra","Strange Spoon","Tiny House"],"potions_floor_usage":[11,16],"damage_taken":[{"damage":0,"enemies":"2 Louse","floor":1,"turns":1},{"damage":0,"enemies":"Small Slimes","floor":4,"turns":1},{"damage":0,"enemies":"Lagavulin","floor":6,"turns":1},{"damage":36,"enemies":"Gremlin Nob","floor":8,"turns":6},{"damage":16,"enemies":"Jaw Worm","floor":11,"turns":5},{"damage":18,"enemies":"Large Slime","floor":14,"turns":6},{"damage":31,"enemies":"Slime Boss","floor":16,"turns":7},{"damage":30,"enemies":"Shell Parasite","floor":18,"turns":9},{"damage":19,"enemies":"Spheric Guardian","floor":20,"turns":9},{"damage":36,"enemies":"Snake Plant","floor":21,"turns":4}],"seed_played":"-4765018939130056331","potions_obtained":[{"floor":8,"key":"BloodPotion"},{"floor":11,"key":"ColorlessPotion"},{"floor":17,"key":"Strength Potion"}],"is_trial":false,"path_per_floor":["M","?","?","M","?","E","?","E","T","$","M","?","?","M","R","B",null,"M","?","M","M"],"character_chosen":"IRONCLAD","items_purchased":["Strange Spoon","Havoc","Fire Breathing"],"campfire_rested":0,"item_purchase_floors":[10,10,10],"current_hp_per_floor":[78,58,47,53,53,59,80,50,50,50,56,56,56,44,44,19,70,46,46,33,0],"gold":327,"neow_bonus":"THREE_ENEMY_KILL","is_prod":false,"is_daily":false,"chose_seed":false,"campfire_upgraded":1,"win_rate":0,"timestamp":1577198449,"path_taken":["M","?","?","M","?","E","?","E","T","$","?","?","?","M","R","BOSS","M","?","M","M"],"build_version":"2019-10-30","purchased_purges":1,"victory":false,"max_hp_per_floor":[80,80,80,80,80,80,80,80,80,80,80,80,80,80,80,80,85,85,85,85,85],"card_choices":[{"not_picked":["Perfected Strike","Twin Strike"],"picked":"Disarm","floor":1},{"not_picked":["Warcry","Feel No Pain"],"picked":"Cleave","floor":4},{"not_picked":["Blood for Blood","Cleave","Wild Strike"],"picked":"SKIP","floor":6},{"not_picked":["Heavy Blade","Anger","True Grit"],"picked":"SKIP","floor":8},{"not_picked":["Heavy Blade","Body Slam"],"picked":"Flex","floor":11},{"not_picked":["Ghostly Armor","Wild Strike"],"picked":"Power Through","floor":14},{"not_picked":["Reaper","Bludgeon"],"picked":"Barricade","floor":16},{"not_picked":["Carnage","Heavy Blade"],"picked":"True Grit","floor":17},{"not_picked":["Dual Wield","Headbutt"],"picked":"Shrug It Off","floor":18},{"not_picked":["Heavy Blade","Perfected Strike"],"picked":"Body Slam+1","floor":20}],"player_experience":176993,"relics_obtained":[{"floor":6,"key":"Red Skull"},{"floor":8,"key":"Bag of Preparation"},{"floor":9,"key":"Vajra"}],"event_choices":[{"damage_healed":0,"gold_gain":0,"player_choice":"Take Damage","damage_taken":20,"relics_obtained":["Golden Idol"],"max_hp_gain":0,"max_hp_loss":0,"event_name":"Golden Idol","floor":2,"gold_loss":0},{"damage_healed":0,"gold_gain":75,"player_choice":"Gather Gold","damage_taken":11,"max_hp_gain":0,"max_hp_loss":0,"event_name":"World of Goop","floor":3,"gold_loss":0},{"damage_healed":0,"gold_gain":175,"player_choice":"AGREE","damage_taken":0,"max_hp_gain":0,"max_hp_loss":0,"event_name":"Liars Game","floor":5,"gold_loss":0,"cards_obtained":["Doubt"]},{"damage_healed":26,"gold_gain":0,"player_choice":"Banana","damage_taken":0,"max_hp_gain":0,"max_hp_loss":0,"event_name":"Big Fish","floor":7,"gold_loss":0},{"cards_removed":["Strike_R"],"damage_healed":0,"gold_gain":0,"player_choice":"Card Removal","damage_taken":0,"max_hp_gain":0,"max_hp_loss":0,"event_name":"The Cleric","floor":12,"gold_loss":50},{"cards_removed":["Defend_R"],"damage_healed":0,"gold_gain":0,"player_choice":"Purged","damage_taken":0,"max_hp_gain":0,"max_hp_loss":0,"event_name":"Purifier","floor":13,"gold_loss":0},{"damage_healed":0,"gold_gain":0,"player_choice":"Ignored","damage_taken":0,"max_hp_gain":0,"max_hp_loss":0,"event_name":"Ghosts","floor":19,"gold_loss":0}],"is_beta":true,"boss_relics":[{"not_picked":["Runic Dome","Ectoplasm"],"picked":"Tiny House"}],"items_purged_floors":[10],"is_endless":false,"potions_floor_spawned":[8,11],"killed_by":"Snake Plant","ascension_level":8}