{"gold_per_floor":[112,126,126,146,95,95,127,127,153,176,212,225,250,250,250,250],"floor_reached":16,"playtime":3973,"items_purged":[],"score":143,"play_id":"3c14ac4c-0a16-4fe2-9cf5-5651842ae491","local_time":"20191230202445","is_ascension_mode":true,"campfire_choices":[{"data":"Shrug It Off","floor":6,"key":"SMITH"},{"data":"Headbutt","floor":15,"key":"SMITH"}],"neow_cost":"NONE","seed_source_timestamp":1034350918433717,"circlet_count":0,"master_deck":["Strike_R","Strike_R","Strike_R+1","Strike_R","Defend_R","Defend_R","Defend_R","Defend_R","Bash+1","Impervious","Warcry+1","Shrug It Off+1","Seeing Red","Headbutt+1","Offering"],"relics":["Burning Blood","Whetstone","Golden Idol","Oddly Smooth Stone","Odd Mushroom","Pen Nib"],"potions_floor_usage":[7,7,11],"damage_taken":[{"damage":7,"enemies":"Jaw Worm","floor":1,"turns":6},{"damage":11,"enemies":"Cultist","floor":2,"turns":4},{"damage":0,"enemies":"2 Louse","floor":4,"turns":4},{"damage":34,"enemies":"3 Sentries","floor":7,"turns":16},{"damage":0,"enemies":"Looter","floor":10,"turns":3},{"damage":0,"enemies":"The Mushroom Lair","floor":11,"turns":7},{"damage":0,"enemies":"2 Fungi Beasts","floor":12,"turns":5},{"damage":0,"enemies":"Large Slime","floor":13,"turns":5},{"damage":39,"enemies":"The Guardian","floor":16,"turns":13}],"seed_played":"4496656643121511527","potions_obtained":[{"floor":2,"key":"Weak Potion"},{"floor":4,"key":"EssenceOfSteel"},{"floor":7,"key":"SkillPotion"}],"is_trial":false,"path_per_floor":["M","M","?","M","$","R","E","?","T","M","?","M","M","?","R","B"],"character_chosen":"IRONCLAD","items_purchased":["Shrug It Off"],"campfire_rested":0,"item_purchase_floors":[5],"current_hp_per_floor":[71,66,66,72,72,72,44,44,44,50,56,62,68,35,35,0],"gold":250,"neow_bonus":"TRANSFORM_CARD","is_prod":false,"is_daily":false,"chose_seed":false,"campfire_upgraded":2,"win_rate":0,"timestamp":1577719485,"path_taken":["M","M","?","?","$","R","E","?","T","M","?","M","M","?","R","BOSS"],"build_version":"2019-10-30","purchased_purges":0,"victory":false,"max_hp_per_floor":[80,80,80,80,80,80,80,74,74,74,74,74,74,74,74,74],"card_choices":[{"not_picked":["Clothesline","Searing Blow","Bloodletting"],"picked":"SKIP","floor":1},{"not_picked":["Sword Boomerang","Headbutt"],"picked":"Warcry","floor":2},{"not_picked":["Thunderclap","Cleave","Heavy Blade"],"picked":"SKIP","floor":4},{"not_picked":["Reckless Charge","Sword Boomerang","Sentinel"],"picked":"SKIP","floor":7},{"not_picked":["Combust","Warcry"],"picked":"Seeing Red","floor":10},{"not_picked":["Sword Boomerang","Havoc"],"picked":"Headbutt","floor":12},{"not_picked":["Perfected Strike","Armaments"],"picked":"Offering","floor":13}],"player_experience":188433,"relics_obtained":[{"floor":7,"key":"Whetstone"},{"floor":9,"key":"Oddly Smooth Stone"},{"floor":11,"key":"Odd Mushroom"}],"event_choices":[{"damage_healed":0,"gold_gain":0,"player_choice":"Forge","damage_taken":0,"max_hp_gain":0,"max_hp_loss":0,"event_name":"Accursed Blacksmith","floor":3,"gold_loss":0,"cards_upgraded":["Warcry"]},{"damage_healed":0,"gold_gain":0,"player_choice":"Lose Max HP","damage_taken":0,"relics_obtained":["Golden Idol"],"max_hp_gain":0,"max_hp_loss":6,"event_name":"Golden Idol","floor":8,"gold_loss":0},{"damage_healed":0,"gold_gain":0,"player_choice":"Fought Mushrooms","damage_taken":0,"max_hp_gain":0,"max_hp_loss":0,"event_name":"Mushrooms","floor":11,"gold_loss":0},{"damage_healed":0,"gold_gain":0,"player_choice":"Success","damage_taken":33,"relics_obtained":["Pen Nib"],"max_hp_gain":0,"max_hp_loss":0,"event_name":"Scrap Ooze","floor":14,"gold_loss":0}],"is_beta":true,"boss_relics":[],"items_purged_floors":[],"is_endless":false,"potions_floor_spawned":[2,4,7],"killed_by":"The Guardian","ascension_level":8}