{"gold_per_floor":[110,60,60,75,75,105,105,134,180,191,191,201,232,245,245,346,346,363,363,377,393,410,444,444,444],"floor_reached":25,"playtime":864,"items_purged":[],"score":375,"play_id":"c801cd08-f7f0-47e4-b870-35b4f6e0115e","local_time":"20200101195856","is_ascension_mode":true,"campfire_choices":[{"data":"Shockwave","floor":7,"key":"SMITH"},{"data":"Twin Strike","floor":11,"key":"SMITH"},{"data":"Shrug It Off","floor":15,"key":"SMITH"},{"data":"Barricade","floor":24,"key":"SMITH"}],"neow_cost":"NONE","seed_source_timestamp":1208715638048152,"circlet_count":0,"master_deck":["Strike_R","Strike_R","Strike_R","Strike_R+1","Strike_R+1","Defend_R","Defend_R","Defend_R","Bash","Perfected Strike+1","Shockwave+1","Evolve","Twin Strike+1","Shrug It Off+1","Power Through","Barricade+1","Battle Trance","Seeing Red+1","Dropkick+1"],"relics":["Burning Blood","NeowsBlessing","Whetstone","Incense Burner","Bronze Scales","Regal Pillow","SacredBark","Mango","Meat on the Bone"],"potions_floor_usage":[8,22,23,23],"damage_taken":[{"damage":0,"enemies":"2 Louse","floor":1,"turns":1},{"damage":0,"enemies":"Cultist","floor":4,"turns":1},{"damage":0,"enemies":"Lagavulin","floor":6,"turns":1},{"damage":16,"enemies":"3 Sentries","floor":8,"turns":6},{"damage":7,"enemies":"Jaw Worm","floor":10,"turns":2},{"damage":6,"enemies":"Looter","floor":12,"turns":2},{"damage":17,"enemies":"Lagavulin","floor":13,"turns":6},{"damage":0,"enemies":"3 Louse","floor":14,"turns":3},{"damage":22,"enemies":"Hexaghost","floor":16,"turns":9},{"damage":1,"enemies":"3 Byrds","floor":18,"turns":3},{"damage":5,"enemies":"Chosen","floor":20,"turns":4},{"damage":7,"enemies":"Centurion and Healer","floor":21,"turns":7},{"damage":12,"enemies":"Shelled Parasite and Fungi","floor":22,"turns":5},{"damage":12,"enemies":"Slavers","floor":23,"turns":5},{"damage":83,"enemies":"Gremlin Leader","floor":25,"turns":7}],"seed_played":"952672652859049981","potions_obtained":[{"floor":6,"key":"BlessingOfTheForge"},{"floor":8,"key":"ColorlessPotion"},{"floor":12,"key":"Weak Potion"},{"floor":13,"key":"Regen Potion"},{"floor":20,"key":"Fire Potion"},{"floor":22,"key":"Fire Potion"}],"is_trial":false,"path_per_floor":["M","?","$","M","?","E","R","E","T","M","R","M","E","M","R","B",null,"M","?","M","M","M","E","R","E"],"character_chosen":"IRONCLAD","items_purchased":[],"campfire_rested":0,"item_purchase_floors":[],"current_hp_per_floor":[78,78,78,80,80,80,80,70,70,69,69,69,58,64,64,48,72,77,91,92,91,85,79,79,0],"gold":444,"neow_bonus":"THREE_ENEMY_KILL","is_prod":false,"is_daily":false,"chose_seed":false,"campfire_upgraded":4,"win_rate":0,"timestamp":1577890736,"path_taken":["M","?","$","M","?","E","R","E","T","M","R","M","E","?","R","BOSS","M","?","?","M","M","E","R","E"],"build_version":"2019-10-30","purchased_purges":0,"victory":false,"max_hp_per_floor":[80,80,80,80,80,80,80,80,80,80,80,80,80,80,80,80,80,80,94,94,94,94,94,94,94],"card_choices":[{"not_picked":["Clothesline","Warcry"],"picked":"Perfected Strike","floor":1},{"not_picked":["Blood for Blood","Carnage","Thunderclap"],"picked":"SKIP","floor":4},{"not_picked":["Sword Boomerang","Juggernaut"],"picked":"Shockwave","floor":6},{"not_picked":["Ghostly Armor","Anger"],"picked":"Evolve","floor":8},{"not_picked":["Pommel Strike","Headbutt"],"picked":"Twin Strike","floor":10},{"not_picked":["Clash","Disarm"],"picked":"Shrug It Off","floor":12},{"not_picked":["Heavy Blade","Cleave"],"picked":"Power Through","floor":13},{"not_picked":["Clothesline","Anger","Iron Wave"],"picked":"SKIP","floor":14},{"not_picked":["Berserk","Juggernaut"],"picked":"Barricade","floor":16},{"not_picked":["Armaments","Cleave+1"],"picked":"Battle Trance","floor":18},{"not_picked":["Havoc","Cleave","Bloodletting+1"],"picked":"SKIP","floor":20},{"not_picked":["Evolve","Intimidate","Iron Wave+1"],"picked":"SKIP","floor":21},{"not_picked":["Searing Blow","Twin Strike"],"picked":"Seeing Red+1","floor":22},{"not_picked":["Body Slam","Headbutt"],"picked":"Dropkick+1","floor":23}],"player_experience":193303,"relics_obtained":[{"floor":6,"key":"Whetstone"},{"floor":8,"key":"Incense Burner"},{"floor":9,"key":"Bronze Scales"},{"floor":13,"key":"Regal Pillow"},{"floor":23,"key":"Meat on the Bone"}],"event_choices":[{"cards_removed":["Defend_R"],"damage_healed":0,"gold_gain":0,"player_choice":"Card Removal","damage_taken":0,"max_hp_gain":0,"max_hp_loss":0,"event_name":"The Cleric","floor":2,"gold_loss":50},{"damage_healed":0,"gold_gain":0,"player_choice":"Upgraded","damage_taken":0,"max_hp_gain":0,"max_hp_loss":0,"event_name":"Upgrade Shrine","floor":5,"gold_loss":0,"cards_upgraded":["Perfected Strike"]},{"damage_healed":0,"gold_gain":0,"player_choice":"Gave Potion","damage_taken":0,"relics_obtained":["Mango"],"max_hp_gain":0,"max_hp_loss":0,"event_name":"WeMeetAgain","floor":19,"gold_loss":0}],"is_beta":true,"boss_relics":[{"not_picked":["Pandora\u0027s Box","Philosopher\u0027s Stone"],"picked":"SacredBark"}],"items_purged_floors":[],"is_endless":false,"potions_floor_spawned":[6,8,12,13,18,20,22],"killed_by":"Gremlin Leader","ascension_level":8}