{"gold_per_floor":[109,109,126,126,140,175,36,36,36,15,32,52,71,81,81,177,177,189,199,212,224,241,241],"floor_reached":23,"playtime":1203,"items_purged":[],"score":366,"play_id":"4882265d-8e20-4ea3-9cc9-5e532a02d2b3","local_time":"20191225215948","is_ascension_mode":true,"campfire_choices":[{"data":"Feed","floor":8.0,"key":"SMITH"},{"data":"Demon Form","floor":15.0,"key":"SMITH"}],"neow_cost":"PERCENT_DAMAGE","seed_source_timestamp":610736771640480,"circlet_count":0,"master_deck":["Strike_R","Strike_R","Strike_R","Strike_R","Strike_R","Defend_R","Defend_R","Defend_R","Bash","Ghostly Armor","Wild Strike","Shrug It Off","Feed+1","Metallicize","Power Through","Demon Form+1","Sword Boomerang","Berserk","Evolve","Heavy Blade+1","Spot Weakness"],"special_seed":0,"relics":["Burning Blood","TungstenRod","Turnip","Black Star"],"potions_floor_usage":[22,23],"damage_taken":[{"damage":11.0,"enemies":"2 Louse","floor":1.0,"turns":3.0},{"damage":6.0,"enemies":"Cultist","floor":3.0,"turns":3.0},{"damage":0.0,"enemies":"Small Slimes","floor":5.0,"turns":3.0},{"damage":0.0,"enemies":"Gremlin Nob","floor":6.0,"turns":3.0},{"damage":12.0,"enemies":"Exordium Thugs","floor":10.0,"turns":5.0},{"damage":13.0,"enemies":"Lots of Slimes","floor":11.0,"turns":6.0},{"damage":6.0,"enemies":"Gremlin Gang","floor":12.0,"turns":8.0},{"damage":1.0,"enemies":"2 Fungi Beasts","floor":13.0,"turns":4.0},{"damage":20.0,"enemies":"Exordium Thugs","floor":14.0,"turns":7.0},{"damage":22.0,"enemies":"Hexaghost","floor":16.0,"turns":9.0},{"damage":17.0,"enemies":"Spheric Guardian","floor":18.0,"turns":5.0},{"damage":21.0,"enemies":"3 Byrds","floor":19.0,"turns":13.0},{"damage":22.0,"enemies":"Snecko","floor":20.0,"turns":6.0},{"damage":43.0,"enemies":"3 Cultists","floor":21.0,"turns":7.0},{"damage":44,"enemies":"Sentry and Sphere","floor":22,"turns":6},{"damage":31,"enemies":"Gremlin Leader","floor":23,"turns":2}],"seed_played":"8796097294252234759","potions_obtained":[{"floor":1.0,"key":"Dexterity Potion"},{"floor":4.0,"key":"SteroidPotion"},{"floor":4.0,"key":"SteroidPotion"},{"floor":4.0,"key":"Regen Potion"},{"floor":5.0,"key":"BloodPotion"},{"floor":12.0,"key":"SkillPotion"},{"floor":13.0,"key":"LiquidMemories"},{"floor":16.0,"key":"Swift Potion"},{"floor":19.0,"key":"PowerPotion"}],"is_trial":false,"path_per_floor":["M","?","M","?","M","E","$","R","T","M","M","M","M","M","R","B",null,"M","M","M","M","M","E"],"character_chosen":"IRONCLAD","items_purchased":["Feed","Metallicize"],"campfire_rested":0,"item_purchase_floors":[7,7],"current_hp_per_floor":[62,62,62,62,68,74,74,74,74,72,69,73,82,72,72,56,101,94,83,71,38,26,0],"gold":241,"neow_bonus":"TWENTY_PERCENT_HP_BONUS","is_prod":false,"is_daily":false,"chose_seed":false,"campfire_upgraded":2,"win_rate":0,"timestamp":1577293188,"path_taken":["M","?","?","?","?","E","?","R","T","M","M","M","M","M","R","BOSS","M","M","M","M","M","E"],"build_version":"2019-10-30","purchased_purges":0,"victory":false,"max_hp_per_floor":[96,96,96,96,96,96,96,96,96,100,104,108,112,116,116,116,116,120,124,128,132,132,132],"card_choices":[{"not_picked":["Armaments","True Grit"],"picked":"Ghostly Armor","floor":1.0},{"not_picked":["Perfected Strike","Clothesline","Thunderclap"],"picked":"SKIP","floor":3.0},{"not_picked":["Perfected Strike","True Grit"],"picked":"Wild Strike","floor":5.0},{"not_picked":["Pommel Strike","Pummel"],"picked":"Shrug It Off","floor":6.0},{"not_picked":["Anger","Clothesline","Sentinel"],"picked":"SKIP","floor":10.0},{"not_picked":["Anger","Clothesline","Sentinel"],"picked":"SKIP","floor":10.0},{"not_picked":["Wild Strike","Ghostly Armor","Carnage"],"picked":"SKIP","floor":11.0},{"not_picked":["Wild Strike","Cleave"],"picked":"Power Through","floor":12.0},{"not_picked":["True Grit","Combust"],"picked":"Demon Form","floor":13.0},{"not_picked":["Infernal Blade","Burning Pact"],"picked":"Sword Boomerang","floor":14.0},{"not_picked":["Demon Form","Fiend Fire"],"picked":"Berserk","floor":16.0},{"not_picked":["Inflame","Dark Embrace+1"],"picked":"Evolve","floor":18.0},{"not_picked":["Searing Blow+1","Spot Weakness"],"picked":"Heavy Blade+1","floor":19.0},{"not_picked":["Clothesline+1","Rampage","Metallicize"],"picked":"SKIP","floor":20.0},{"not_picked":["Perfected Strike","Wild Strike","Headbutt"],"picked":"SKIP","floor":21.0},{"not_picked":["Bloodletting","Anger+1"],"picked":"Spot Weakness","floor":22}],"player_experience":177636,"relics_obtained":[{"floor":6.0,"key":"TungstenRod"},{"floor":9.0,"key":"Turnip"}],"event_choices":[{"cards_removed":["Defend_R"],"damage_healed":0.0,"max_hp_gain":0.0,"max_hp_loss":0.0,"gold_gain":0.0,"event_name":"Bonfire Elementals","player_choice":"Offered Basic","floor":2.0,"gold_loss":0.0,"damage_taken":0.0},{"damage_healed":0.0,"max_hp_gain":0.0,"max_hp_loss":0.0,"gold_gain":0.0,"event_name":"Lab","player_choice":"Got Potions","floor":4.0,"gold_loss":0.0,"damage_taken":0.0}],"is_beta":true,"boss_relics":[{"not_picked":["Fusion Hammer","Runic Pyramid"],"picked":"Black Star"}],"items_purged_floors":[],"is_endless":false,"potions_floor_spawned":[1,5,12,13,16,18,19],"killed_by":"Gremlin Leader","ascension_level":8}