{"gold_per_floor":[117,192,367,258,273,273,308,258,258,273,70,85,100,115,115,219,219,233,253,268,268],"floor_reached":21,"playtime":921,"items_purged":["Bash","Fire Breathing"],"score":256,"play_id":"bc08f0a3-d47c-4952-9bff-d332bc0620e7","local_time":"20191227153137","is_ascension_mode":true,"campfire_choices":[{"data":"Uppercut","floor":6.0,"key":"SMITH"},{"floor":15.0,"key":"REST"}],"neow_cost":"TEN_PERCENT_HP_LOSS","seed_source_timestamp":760430825499307,"circlet_count":0,"master_deck":["Strike_R","Strike_R","Strike_R","Strike_R","Strike_R","Defend_R","Defend_R","Defend_R","Defend_R","Uppercut+1","Battle Trance","Battle Trance","Warcry","True Grit","True Grit","Fiend Fire","Havoc","Sentinel"],"special_seed":0,"relics":["Burning Blood","StoneCalendar","Orichalcum","Dead Branch","Black Star"],"potions_floor_usage":[],"damage_taken":[{"damage":11.0,"enemies":"Cultist","floor":1.0,"turns":4.0},{"damage":12.0,"enemies":"Small Slimes","floor":5.0,"turns":3.0},{"damage":30.0,"enemies":"Lagavulin","floor":7.0,"turns":5.0},{"damage":2.0,"enemies":"Jaw Worm","floor":10.0,"turns":4.0},{"damage":0.0,"enemies":"Blue Slaver","floor":12.0,"turns":4.0},{"damage":4.0,"enemies":"Lots of Slimes","floor":13.0,"turns":3.0},{"damage":31.0,"enemies":"Gremlin Gang","floor":14.0,"turns":7.0},{"damage":19.0,"enemies":"Slime Boss","floor":16.0,"turns":7.0},{"damage":6.0,"enemies":"Chosen","floor":18.0,"turns":4.0},{"damage":16,"enemies":"2 Thieves","floor":19,"turns":2},{"damage":46,"enemies":"Shelled Parasite and Fungi","floor":20,"turns":7},{"damage":11,"enemies":"Sentry and Sphere","floor":21,"turns":2}],"seed_played":"-1694668953584404028","potions_obtained":[{"floor":1.0,"key":"DuplicationPotion"},{"floor":10.0,"key":"SkillPotion"},{"floor":12.0,"key":"Energy Potion"}],"is_trial":false,"path_per_floor":["M","?","?","$","M","R","E","?","T","M","$","M","M","M","R","B",null,"M","M","M","M"],"character_chosen":"IRONCLAD","items_purchased":["Fire Breathing","Warcry","True Grit"],"campfire_rested":1,"item_purchase_floors":[4,11,11],"current_hp_per_floor":[67,56,56,56,50,50,26,26,26,30,30,36,38,13,34,21,59,59,49,9,0],"gold":268,"neow_bonus":"ONE_RARE_RELIC","is_prod":false,"is_daily":false,"chose_seed":false,"campfire_upgraded":1,"win_rate":0,"timestamp":1577442697,"path_taken":["M","?","?","$","M","R","E","?","T","M","?","M","?","M","R","BOSS","M","?","?","M"],"build_version":"2019-10-30","purchased_purges":2,"victory":false,"max_hp_per_floor":[72,72,72,72,72,72,72,72,72,72,72,72,72,72,72,72,72,72,72,72,72],"card_choices":[{"not_picked":["Wild Strike","Thunderclap"],"picked":"Uppercut","floor":1.0},{"not_picked":["Thunderclap","Anger"],"picked":"Battle Trance","floor":5.0},{"not_picked":["Cleave","Pummel","Headbutt"],"picked":"SKIP","floor":7.0},{"not_picked":["Armaments","Searing Blow"],"picked":"Battle Trance","floor":10.0},{"not_picked":["Rampage","Hemokinesis"],"picked":"True Grit","floor":12.0},{"not_picked":["Battle Trance","Thunderclap","Blood for Blood"],"picked":"SKIP","floor":13.0},{"not_picked":["Metallicize","Headbutt","Clothesline"],"picked":"SKIP","floor":14.0},{"not_picked":["Demon Form","Limit Break"],"picked":"Fiend Fire","floor":16.0},{"not_picked":["Anger+1","Sever Soul"],"picked":"Havoc","floor":18.0},{"not_picked":["Entrench","Combust"],"picked":"Sentinel","floor":19},{"not_picked":["Clothesline+1","Blood for Blood+1","Spot Weakness"],"picked":"SKIP","floor":20}],"player_experience":183739,"relics_obtained":[{"floor":7.0,"key":"Orichalcum"},{"floor":9.0,"key":"Dead Branch"}],"event_choices":[{"damage_healed":0.0,"max_hp_gain":0.0,"max_hp_loss":0.0,"gold_gain":75.0,"event_name":"World of Goop","player_choice":"Gather Gold","floor":2.0,"gold_loss":0.0,"damage_taken":11.0},{"damage_healed":0.0,"max_hp_gain":0.0,"max_hp_loss":0.0,"gold_gain":175.0,"event_name":"Liars Game","player_choice":"AGREE","floor":3.0,"gold_loss":0.0,"damage_taken":0.0,"cards_obtained":["Doubt"]},{"cards_removed":["Doubt"],"damage_healed":0.0,"max_hp_gain":0.0,"max_hp_loss":0.0,"gold_gain":0.0,"event_name":"The Cleric","player_choice":"Card Removal","floor":8.0,"gold_loss":50.0,"damage_taken":0.0}],"is_beta":true,"boss_relics":[{"not_picked":["Cursed Key","Busted Crown"],"picked":"Black Star"}],"items_purged_floors":[4,11],"is_endless":false,"potions_floor_spawned":[1,10,12],"killed_by":"Sentry and Sphere","ascension_level":8}