{"gold_per_floor":[117,130,55,55,68,82,93,107,134,84,94,94,110,168,168,272,272,283,137,149,166,186,186,461,461,484,501,501,513,344,344,344,344],"floor_reached":33,"playtime":1022,"items_purged":["Defend_R","Regret"],"score":340,"play_id":"95493007-722f-4b4d-bfc8-fd2821a3317a","local_time":"20200110175900","is_ascension_mode":true,"campfire_choices":[{"data":"Fire Breathing","floor":15.0,"key":"SMITH"},{"data":"Power Through","floor":23.0,"key":"SMITH"},{"data":"Power Through","floor":25.0,"key":"SMITH"},{"data":"Power Through","floor":28.0,"key":"SMITH"},{"floor":32,"key":"REST"}],"neow_cost":"NONE","seed_source_timestamp":149021233540268,"circlet_count":0,"master_deck":["Strike_R","Defend_R","Bash","Wild Strike","Power Through+1","Power Through+1","Power Through+1","Wild Strike","Fire Breathing+1","Brutality+1","Burning Pact+1","Dark Embrace+1","Ghostly Armor","Warcry+1","Feel No Pain"],"special_seed":0,"relics":["Burning Blood","Regal Pillow","Bag of Marbles","Astrolabe","Art of War"],"potions_floor_usage":[33,33,33],"damage_taken":[{"damage":11.0,"enemies":"2 Louse","floor":1.0,"turns":3.0},{"damage":4.0,"enemies":"Jaw Worm","floor":2.0,"turns":3.0},{"damage":1.0,"enemies":"Cultist","floor":5.0,"turns":3.0},{"damage":8.0,"enemies":"Lots of Slimes","floor":6.0,"turns":5.0},{"damage":5.0,"enemies":"2 Fungi Beasts","floor":7.0,"turns":4.0},{"damage":0.0,"enemies":"3 Louse","floor":8.0,"turns":5.0},{"damage":11.0,"enemies":"Looter","floor":11.0,"turns":3.0},{"damage":13.0,"enemies":"Lots of Slimes","floor":13.0,"turns":8.0},{"damage":20.0,"enemies":"Lagavulin Event","floor":14.0,"turns":7.0},{"damage":54.0,"enemies":"Hexaghost","floor":16.0,"turns":9.0},{"damage":15.0,"enemies":"Spheric Guardian","floor":18.0,"turns":5.0},{"damage":12.0,"enemies":"2 Thieves","floor":20.0,"turns":4.0},{"damage":14.0,"enemies":"Snake Plant","floor":21.0,"turns":5.0},{"damage":12.0,"enemies":"Snecko","floor":22.0,"turns":6.0},{"damage":3.0,"enemies":"Cultist and Chosen","floor":27.0,"turns":4.0},{"damage":40,"enemies":"Shelled Parasite and Fungi","floor":29,"turns":5},{"damage":50,"enemies":"Automaton","floor":33,"turns":8}],"seed_played":"-4826505378408035274","potions_obtained":[{"floor":2.0,"key":"Dexterity Potion"},{"floor":5.0,"key":"Fire Potion"},{"floor":11.0,"key":"Dexterity Potion"},{"floor":16.0,"key":"CultistPotion"},{"floor":18.0,"key":"EssenceOfSteel"}],"is_trial":false,"path_per_floor":["M","M","$","?","M","M","M","M","T","?","M","$","M","?","R","B",null,"M","$","M","M","M","R","?","R","T","M","R","M","$","?","R","B"],"character_chosen":"IRONCLAD","items_purchased":["Power Through","Ghostly Armor","Feel No Pain"],"campfire_rested":1,"item_purchase_floors":[3,19,30],"current_hp_per_floor":[75,77,77,77,82,80,81,87,87,87,82,82,75,61,61,13,69,60,60,54,46,40,40,40,40,40,43,43,9,9,9,50,0],"gold":344,"neow_bonus":"TEN_PERCENT_HP_BONUS","is_prod":false,"is_daily":false,"chose_seed":false,"campfire_upgraded":4,"win_rate":0,"timestamp":1578661140,"path_taken":["M","M","$","?","M","M","M","M","T","?","M","$","?","?","R","BOSS","M","$","M","M","M","R","?","R","T","?","R","?","$","?","R","BOSS"],"build_version":"2019-10-30","purchased_purges":2,"victory":false,"max_hp_per_floor":[88,88,88,88,88,88,88,88,88,88,88,88,88,88,88,88,88,88,88,88,88,88,88,88,88,88,88,88,88,88,88,88,88],"card_choices":[{"not_picked":["Cleave","Thunderclap"],"picked":"Wild Strike","floor":1.0},{"not_picked":["Carnage","Headbutt"],"picked":"Power Through","floor":2.0},{"not_picked":["Cleave","Anger","Pommel Strike"],"picked":"SKIP","floor":5.0},{"not_picked":["Hemokinesis","Intimidate","Heavy Blade"],"picked":"SKIP","floor":6.0},{"not_picked":["Twin Strike","Shrug It Off"],"picked":"Power Through","floor":7.0},{"not_picked":["Pommel Strike","Spot Weakness"],"picked":"Wild Strike","floor":8.0},{"not_picked":["Spot Weakness","Blood for Blood","Headbutt"],"picked":"SKIP","floor":11.0},{"not_picked":["Seeing Red","Heavy Blade"],"picked":"Fire Breathing","floor":13.0},{"not_picked":["Havoc+1","Clothesline","Burning Pact"],"picked":"SKIP","floor":18.0},{"not_picked":["Carnage+1","Shrug It Off"],"picked":"Warcry+1","floor":20.0},{"not_picked":["Infernal Blade","Shrug It Off","Clothesline+1"],"picked":"SKIP","floor":21.0},{"not_picked":["Limit Break","Clash","Anger"],"picked":"SKIP","floor":22.0},{"not_picked":["Body Slam","Pommel Strike","Iron Wave"],"picked":"SKIP","floor":27.0},{"not_picked":["Headbutt+1","Uppercut+1","True Grit+1"],"picked":"SKIP","floor":29}],"player_experience":220415,"relics_obtained":[{"floor":9.0,"key":"Regal Pillow"},{"floor":14.0,"key":"Bag of Marbles"},{"floor":26.0,"key":"Art of War"}],"event_choices":[{"cards_removed":["Strike_R"],"damage_healed":0.0,"max_hp_gain":0.0,"max_hp_loss":0.0,"gold_gain":0.0,"event_name":"Living Wall","player_choice":"Forget","floor":4.0,"gold_loss":0.0,"damage_taken":0.0},{"cards_removed":["Defend_R"],"damage_healed":0.0,"max_hp_gain":0.0,"max_hp_loss":0.0,"gold_gain":0.0,"event_name":"The Cleric","player_choice":"Card Removal","floor":10.0,"gold_loss":50.0,"damage_taken":0.0},{"damage_healed":0.0,"max_hp_gain":0.0,"max_hp_loss":0.0,"gold_gain":0.0,"event_name":"Dead Adventurer","player_choice":"Searched \u00271\u0027 times","floor":14.0,"gold_loss":0.0,"damage_taken":0.0},{"damage_healed":0.0,"max_hp_gain":0.0,"max_hp_loss":0.0,"gold_gain":275.0,"event_name":"Golden Shrine","player_choice":"Desecrate","floor":24.0,"gold_loss":0.0,"damage_taken":0.0,"cards_obtained":["Regret"]},{"cards_removed":["Strike_R"],"damage_healed":0,"gold_gain":0,"player_choice":"Elegance","damage_taken":0,"max_hp_gain":0,"max_hp_loss":0,"event_name":"Back to Basics","floor":31,"gold_loss":0}],"is_beta":true,"boss_relics":[{"not_picked":["Velvet Choker","Runic Dome"],"picked":"Astrolabe"}],"items_purged_floors":[19,30],"is_endless":false,"potions_floor_spawned":[2,5,11,16,18,29],"killed_by":"Automaton","ascension_level":8}