{"gold_per_floor":[367,367,367,71,71,71,96,112,112,137,137],"floor_reached":11,"playtime":267,"items_purged":[],"score":87,"play_id":"78494d37-eed6-4a1a-846a-a9b4b8ab87da","local_time":"20200109003229","is_ascension_mode":true,"campfire_choices":[{"data":"Shrug It Off","floor":6,"key":"SMITH"}],"neow_cost":"PERCENT_DAMAGE","seed_source_timestamp":792275840291,"circlet_count":0,"master_deck":["Strike_R","Strike_R","Strike_R","Strike_R","Strike_R","Defend_R","Defend_R","Defend_R","Defend_R","Bash","Shrug It Off+1","Entrench","Battle Trance","Flame Barrier"],"relics":["Burning Blood","Mercury Hourglass","Golden Idol","Gambling Chip","Spirit Poop","Potion Belt"],"potions_floor_usage":[11],"damage_taken":[{"damage":8,"enemies":"Jaw Worm","floor":1,"turns":5},{"damage":0,"enemies":"Small Slimes","floor":7,"turns":3},{"damage":1,"enemies":"Cultist","floor":8,"turns":3},{"damage":4,"enemies":"2 Fungi Beasts","floor":10,"turns":4},{"damage":44,"enemies":"Lagavulin","floor":11,"turns":9}],"seed_played":"-3725804994755138170","potions_obtained":[{"floor":8,"key":"Dexterity Potion"}],"is_trial":false,"path_per_floor":["M","?","?","$","?","R","M","M","T","M","E"],"character_chosen":"IRONCLAD","items_purchased":["Gambling Chip"],"campfire_rested":0,"item_purchase_floors":[4],"current_hp_per_floor":[49,49,29,29,29,29,35,40,40,42,0],"gold":137,"neow_bonus":"TWO_FIFTY_GOLD","is_prod":false,"is_daily":false,"chose_seed":false,"campfire_upgraded":1,"win_rate":0,"timestamp":1578511949,"path_taken":["M","?","?","$","?","R","M","M","T","?","E"],"build_version":"2019-10-30","purchased_purges":0,"victory":false,"max_hp_per_floor":[80,80,80,80,80,80,80,80,80,80,80],"card_choices":[{"not_picked":["Armaments","Clash"],"picked":"Shrug It Off","floor":1},{"not_picked":["Perfected Strike","Twin Strike"],"picked":"Entrench","floor":7},{"not_picked":["Heavy Blade","Flex"],"picked":"Battle Trance","floor":8},{"not_picked":["Rampage","Juggernaut"],"picked":"Flame Barrier","floor":10}],"player_experience":212876,"relics_obtained":[{"floor":9,"key":"Potion Belt"}],"event_choices":[{"damage_healed":0,"gold_gain":0,"player_choice":"Box","damage_taken":0,"relics_obtained":["Mercury Hourglass"],"max_hp_gain":0,"max_hp_loss":0,"event_name":"Big Fish","floor":2,"gold_loss":0,"cards_obtained":["Regret"]},{"damage_healed":0,"gold_gain":0,"player_choice":"Take Damage","damage_taken":20,"relics_obtained":["Golden Idol"],"max_hp_gain":0,"max_hp_loss":0,"event_name":"Golden Idol","floor":3,"gold_loss":0},{"cards_removed":["Regret"],"damage_healed":0,"gold_gain":0,"player_choice":"Offered Curse","damage_taken":0,"relics_obtained":["Spirit Poop"],"max_hp_gain":0,"max_hp_loss":0,"event_name":"Bonfire Elementals","floor":5,"gold_loss":0}],"is_beta":true,"boss_relics":[],"items_purged_floors":[],"is_endless":false,"potions_floor_spawned":[8],"killed_by":"Lagavulin","ascension_level":8}