{"gold_per_floor":[14,14,14,14,24,57,76,76,76,76,23,41,72,95,95,192,192,205,205,205,205,253,253,281,281,281,295,19,19,19,36,36,135,135,151,163,12,25,25,25,36,36,110,110,127,138,156,172,172,172],"floor_reached":51,"playtime":1423,"items_purged":["Bash"],"score":1035,"play_id":"42aff802-9374-4121-bb8f-d5a68d002b56","local_time":"20200111191752","is_ascension_mode":true,"campfire_choices":[{"data":"Demon Form","floor":8.0,"key":"SMITH"},{"floor":15.0,"key":"REST"},{"data":"Limit Break","floor":23,"key":"SMITH"},{"floor":25,"key":"REST"},{"floor":32,"key":"REST"},{"data":"Heavy Blade","floor":40,"key":"SMITH"},{"data":"Offering","floor":44,"key":"SMITH"},{"data":"Pummel","floor":49,"key":"SMITH"}],"neow_cost":"NO_GOLD","seed_source_timestamp":2600110472724,"circlet_count":0,"master_deck":["Strike_R+1","Strike_R+1","Strike_R+1","Defend_R+1","Defend_R+1","Defend_R+1","Defend_R+1","Pummel+1","Demon Form+1","Twin Strike","Flex","Twin Strike","Limit Break+1","Heavy Blade+1","Limit Break+1","Offering+1","Battle Trance+1","Evolve","Power Through"],"special_seed":0,"relics":["Burning Blood","Du-Vu Doll","Singing Bowl","Mercury Hourglass","Strawberry","Bag of Preparation","Odd Mushroom","Black Star","Art of War","Red Skull","Question Card","Anchor","DollysMirror","Enchiridion","Busted Crown","Smiling Mask","Kunai"],"potions_floor_usage":[29,33,50],"damage_taken":[{"damage":6.0,"enemies":"Cultist","floor":1.0,"turns":3.0},{"damage":0.0,"enemies":"2 Louse","floor":5.0,"turns":3.0},{"damage":30.0,"enemies":"3 Sentries","floor":6.0,"turns":6.0},{"damage":7.0,"enemies":"Small Slimes","floor":7.0,"turns":4.0},{"damage":8.0,"enemies":"Red Slaver","floor":12.0,"turns":3.0},{"damage":20.0,"enemies":"Lagavulin","floor":13.0,"turns":5.0},{"damage":20.0,"enemies":"The Mushroom Lair","floor":14.0,"turns":4.0},{"damage":40.0,"enemies":"The Guardian","floor":16.0,"turns":7.0},{"damage":31.0,"enemies":"2 Thieves","floor":18.0,"turns":5.0},{"damage":20,"enemies":"Gremlin Leader","floor":24,"turns":5},{"damage":16,"enemies":"3 Byrds","floor":27,"turns":4},{"damage":14,"enemies":"Colosseum Slavers","floor":29,"turns":5},{"damage":14,"enemies":"Centurion and Healer","floor":31,"turns":3},{"damage":31,"enemies":"Automaton","floor":33,"turns":5},{"damage":6,"enemies":"3 Shapes","floor":35,"turns":3},{"damage":22,"enemies":"3 Darklings","floor":36,"turns":3},{"damage":6,"enemies":"4 Shapes","floor":38,"turns":4},{"damage":9,"enemies":"Sphere and 2 Shapes","floor":41,"turns":3},{"damage":10,"enemies":"Transient","floor":45,"turns":5},{"damage":7,"enemies":"4 Shapes","floor":46,"turns":4},{"damage":8,"enemies":"3 Darklings","floor":47,"turns":4},{"damage":6,"enemies":"Jaw Worm Horde","floor":48,"turns":3},{"damage":48,"enemies":"Awakened One","floor":50,"turns":4}],"seed_played":"-7371394538508065019","potions_obtained":[{"floor":1.0,"key":"AttackPotion"},{"floor":12.0,"key":"Strength Potion"},{"floor":16.0,"key":"PowerPotion"},{"floor":24,"key":"Block Potion"},{"floor":27,"key":"BlessingOfTheForge"},{"floor":31,"key":"LiquidMemories"},{"floor":38,"key":"SneckoOil"},{"floor":41,"key":"Weak Potion"},{"floor":47,"key":"BloodPotion"}],"is_trial":false,"path_per_floor":["M","$","?","?","M","E","M","R","T","?","$","M","E","?","R","B",null,"M","?","?","?","T","R","E","R","T","M","$","?","?","M","R","B",null,"M","M","$","M","?","R","M","?","T","R","M","M","M","M","R","B",null],"character_chosen":"IRONCLAD","items_purchased":["Flex","DollysMirror","SteroidPotion","Evolve","Power Through"],"campfire_rested":3,"item_purchase_floors":[11,28,28,37,37],"current_hp_per_floor":[72,72,65,65,71,49,50,50,50,57,57,55,43,29,56,22,75,52,52,83,83,83,83,71,97,97,87,87,79,63,57,86,61,90,90,76,76,78,78,78,77,77,77,77,75,76,76,78,78,58],"gold":172,"neow_bonus":"ONE_RARE_RELIC","is_prod":false,"is_daily":false,"chose_seed":false,"campfire_upgraded":5,"win_rate":0,"timestamp":1578752272,"path_taken":["M","?","?","?","?","E","M","R","T","?","?","M","E","?","R","BOSS","M","?","?","?","?","R","E","R","T","?","$","?","?","M","R","BOSS","M","M","$","M","?","R","M","?","T","R","?","M","M","M","R","BOSS"],"build_version":"2019-10-30","purchased_purges":1,"victory":true,"max_hp_per_floor":[80,80,80,80,80,82,84,84,84,91,91,91,93,93,93,93,93,95,95,95,95,95,95,97,97,97,97,97,97,97,99,99,99,99,99,101,101,103,103,103,105,105,105,105,107,109,111,113,113,113],"card_choices":[{"not_picked":["Pommel Strike","Anger"],"picked":"Pummel","floor":1.0},{"not_picked":["Cleave","Second Wind"],"picked":"Twin Strike","floor":5.0},{"not_picked":["Metallicize","Carnage","Impervious"],"picked":"Singing Bowl","floor":6.0},{"not_picked":["True Grit","Anger","Warcry"],"picked":"Singing Bowl","floor":7.0},{"not_picked":["Anger","Bloodletting"],"picked":"Twin Strike","floor":12.0},{"not_picked":["Wild Strike","Twin Strike","Perfected Strike"],"picked":"Singing Bowl","floor":13.0},{"not_picked":["Headbutt","Flame Barrier"],"picked":"Spot Weakness","floor":14.0},{"not_picked":["Double Tap","Berserk"],"picked":"Limit Break","floor":16.0},{"not_picked":["Combust+1","Carnage","Sever Soul"],"picked":"Singing Bowl","floor":18.0},{"not_picked":["Shrug It Off","Shockwave+1","Twin Strike+1"],"picked":"Singing Bowl","floor":24},{"not_picked":["Clash","Flex","Rage"],"picked":"Heavy Blade","floor":27},{"not_picked":["Uppercut","Armaments+1","Bloodletting","Anger"],"picked":"Singing Bowl","floor":31},{"not_picked":["Bludgeon","Corruption","Juggernaut"],"picked":"Offering","floor":33},{"not_picked":["Warcry+1"],"picked":"Battle Trance+1","floor":35},{"not_picked":["Cleave","Twin Strike+1"],"picked":"Singing Bowl","floor":36},{"not_picked":["Flex","Shrug It Off+1"],"picked":"Singing Bowl","floor":38},{"not_picked":["Iron Wave+1","Clothesline"],"picked":"Singing Bowl","floor":41},{"not_picked":["Inflame","Rampage"],"picked":"Singing Bowl","floor":45},{"not_picked":["Wild Strike","Thunderclap"],"picked":"Singing Bowl","floor":46},{"not_picked":["Sever Soul+1","Dark Embrace+1"],"picked":"Singing Bowl","floor":47},{"not_picked":["True Grit+1","Pommel Strike"],"picked":"Singing Bowl","floor":48}],"player_experience":228718,"relics_obtained":[{"floor":6.0,"key":"Singing Bowl"},{"floor":9.0,"key":"Mercury Hourglass"},{"floor":13.0,"key":"Bag of Preparation"},{"floor":14.0,"key":"Odd Mushroom"},{"floor":22,"key":"Art of War"},{"floor":24,"key":"Red Skull"},{"floor":24,"key":"Question Card"},{"floor":26,"key":"Anchor"},{"floor":30,"key":"Enchiridion"},{"floor":43,"key":"Kunai"}],"event_choices":[{"cards_removed":["Strike_R"],"damage_healed":0.0,"max_hp_gain":0.0,"max_hp_loss":0.0,"gold_gain":0.0,"event_name":"Golden Wing","player_choice":"Card Removal","floor":3.0,"gold_loss":0.0,"damage_taken":7.0},{"damage_healed":0.0,"max_hp_gain":0.0,"max_hp_loss":0.0,"gold_gain":0.0,"cards_transformed":["Strike_R"],"event_name":"Transmorgrifier","player_choice":"Transformed","floor":4.0,"gold_loss":0.0,"damage_taken":0.0,"cards_obtained":["Demon Form"]},{"damage_healed":0.0,"max_hp_gain":0.0,"max_hp_loss":0.0,"gold_gain":0.0,"event_name":"Dead Adventurer","player_choice":"Searched \u00271\u0027 times","floor":10.0,"gold_loss":0.0,"damage_taken":0.0,"relics_obtained":["Strawberry"]},{"damage_healed":0.0,"max_hp_gain":0.0,"max_hp_loss":0.0,"gold_gain":0.0,"event_name":"Mushrooms","player_choice":"Fought Mushrooms","floor":14.0,"gold_loss":0.0,"damage_taken":0.0},{"damage_healed":0.0,"max_hp_gain":0.0,"max_hp_loss":0.0,"gold_gain":0.0,"event_name":"Ghosts","player_choice":"Ignored","floor":19.0,"gold_loss":0.0,"damage_taken":0.0},{"damage_healed":31,"gold_gain":0,"player_choice":"Heal","damage_taken":0,"max_hp_gain":0,"max_hp_loss":0,"event_name":"The Library","floor":20,"gold_loss":0},{"damage_healed":0,"gold_gain":0,"player_choice":"Simplicity","damage_taken":0,"max_hp_gain":0,"max_hp_loss":0,"event_name":"Back to Basics","floor":21,"gold_loss":0,"cards_upgraded":["Strike_R","Strike_R","Strike_R","Defend_R","Defend_R","Defend_R","Defend_R"]},{"damage_healed":0,"gold_gain":0,"player_choice":"Fight","damage_taken":0,"max_hp_gain":0,"max_hp_loss":0,"event_name":"Colosseum","floor":29,"gold_loss":0},{"damage_healed":0,"gold_gain":0,"player_choice":"Fled From Nobs","damage_taken":0,"max_hp_gain":0,"max_hp_loss":0,"event_name":"Colosseum","floor":29,"gold_loss":0},{"damage_healed":0,"gold_gain":0,"player_choice":"Obtained Book","damage_taken":16,"max_hp_gain":0,"max_hp_loss":0,"event_name":"Cursed Tome","floor":30,"gold_loss":0},{"cards_removed":["Spot Weakness"],"damage_healed":0,"gold_gain":0,"player_choice":"Removed Skill","damage_taken":0,"max_hp_gain":0,"max_hp_loss":0,"event_name":"Falling","floor":39,"gold_loss":0},{"damage_healed":0,"gold_gain":0,"player_choice":"Gave Potion","damage_taken":0,"relics_obtained":["Smiling Mask"],"max_hp_gain":0,"max_hp_loss":0,"event_name":"WeMeetAgain","floor":42,"gold_loss":0}],"is_beta":true,"boss_relics":[{"not_picked":["Mark of Pain","Pandora\u0027s Box"],"picked":"Black Star"},{"not_picked":["Tiny House","Philosopher\u0027s Stone"],"picked":"Busted Crown"}],"items_purged_floors":[28],"is_endless":false,"potions_floor_spawned":[1,12,16,24,27,31,38,41,47,48],"ascension_level":8}