{"gold_per_floor":[111,111,111,128,147,176,176,193,193,193,193,206,206,281,281,378,428,446,371,383,90,144,176,24,51,51,51,65,65,78,97,97,97],"floor_reached":33,"playtime":1192,"items_purged":["Strike_R"],"score":469,"play_id":"640ca4ba-9901-422c-a13b-bb1e4a85321c","local_time":"20200111114713","is_ascension_mode":true,"campfire_choices":[{"data":"Wild Strike","floor":7.0,"key":"SMITH"},{"data":"Wild Strike","floor":15.0,"key":"SMITH"},{"data":"Flame Barrier","floor":27,"key":"SMITH"},{"data":"Evolve","floor":29,"key":"SMITH"},{"data":"Wild Strike","floor":32,"key":"SMITH"}],"neow_cost":"NONE","seed_source_timestamp":213122881511897,"circlet_count":0,"master_deck":["Strike_R","Strike_R+1","Defend_R","Defend_R+1","Defend_R","Defend_R+1","Bash","Battle Trance+1","Evolve+1","Wild Strike+1","Wild Strike+1","Wild Strike+1","Reckless Charge","Shockwave+1","True Grit+1","Flame Barrier+1","Feel No Pain+1"],"special_seed":0,"relics":["Burning Blood","NeowsBlessing","Anchor","Matryoshka","Nunchaku","MealTicket","Tiny House","Medical Kit","Juzu Bracelet","Regal Pillow","War Paint","StrikeDummy","Sling","Bottled Flame","Lantern"],"potions_floor_usage":[23,31],"damage_taken":[{"damage":0.0,"enemies":"Jaw Worm","floor":1.0,"turns":1.0},{"damage":0.0,"enemies":"Small Slimes","floor":4.0,"turns":1.0},{"damage":0.0,"enemies":"Cultist","floor":5.0,"turns":1.0},{"damage":15.0,"enemies":"3 Sentries","floor":6.0,"turns":12.0},{"damage":0.0,"enemies":"Large Slime","floor":8.0,"turns":4.0},{"damage":1.0,"enemies":"Looter","floor":12.0,"turns":2.0},{"damage":0.0,"enemies":"Slime Boss","floor":16.0,"turns":6.0},{"damage":0.0,"enemies":"Chosen","floor":18.0,"turns":4.0},{"damage":12.0,"enemies":"2 Thieves","floor":20.0,"turns":4.0},{"damage":40,"enemies":"Slavers","floor":23,"turns":7},{"damage":12,"enemies":"Book of Stabbing","floor":25,"turns":4},{"damage":6,"enemies":"Chosen and Byrds","floor":28,"turns":7},{"damage":0,"enemies":"Centurion and Healer","floor":30,"turns":5},{"damage":6,"enemies":"Sentry and Sphere","floor":31,"turns":5},{"damage":81,"enemies":"Automaton","floor":33,"turns":12}],"seed_played":"-952424524746566758","potions_obtained":[{"floor":1.0,"key":"Swift Potion"},{"floor":4.0,"key":"SteroidPotion"},{"floor":8.0,"key":"Regen Potion"},{"floor":17.0,"key":"SmokeBomb"},{"floor":18.0,"key":"PowerPotion"},{"floor":25,"key":"GamblersBrew"},{"floor":31,"key":"DuplicationPotion"}],"is_trial":false,"path_per_floor":["M","?","?","M","M","E","R","M","T","?","?","M","?","?","R","B",null,"M","$","M","$","T","E","$","E","T","R","M","R","M","M","R","B"],"character_chosen":"IRONCLAD","items_purchased":["Medical Kit","Juzu Bracelet","Sling"],"campfire_rested":0,"item_purchase_floors":[21,21,24],"current_hp_per_floor":[78,78,78,80,80,71,71,77,77,77,61,66,59,51,51,57,79,85,85,79,85,85,51,66,60,60,60,60,60,66,66,66,0],"gold":97,"neow_bonus":"THREE_ENEMY_KILL","is_prod":false,"is_daily":false,"chose_seed":false,"campfire_upgraded":5,"win_rate":0,"timestamp":1578725233,"path_taken":["M","?","?","M","?","E","R","M","T","?","?","M","?","?","R","BOSS","M","?","?","$","?","E","$","E","T","R","M","R","M","M","R","BOSS"],"build_version":"2019-10-30","purchased_purges":1,"victory":false,"max_hp_per_floor":[80,80,80,80,80,80,80,80,80,80,80,80,80,80,80,80,85,85,85,85,85,85,85,85,85,85,85,85,85,85,85,85,85],"card_choices":[{"not_picked":["Pummel","Combust"],"picked":"Battle Trance","floor":1.0},{"not_picked":["Headbutt","Havoc"],"picked":"Evolve","floor":4.0},{"not_picked":["Evolve","Havoc"],"picked":"Wild Strike","floor":5.0},{"not_picked":["True Grit","Combust"],"picked":"Wild Strike","floor":6.0},{"not_picked":["Flex","Clothesline"],"picked":"Wild Strike","floor":8.0},{"not_picked":["Body Slam","Uppercut","Sword Boomerang"],"picked":"SKIP","floor":12.0},{"not_picked":["Sword Boomerang","Headbutt"],"picked":"Reckless Charge","floor":17.0},{"not_picked":["Whirlwind","Shrug It Off"],"picked":"Shockwave+1","floor":18.0},{"not_picked":["Burning Pact+1","Heavy Blade"],"picked":"True Grit","floor":20.0},{"not_picked":["Clash+1","Heavy Blade","Headbutt"],"picked":"SKIP","floor":23},{"not_picked":["Metallicize","Rupture"],"picked":"Flame Barrier","floor":25},{"not_picked":["Shrug It Off","Entrench"],"picked":"Feel No Pain+1","floor":28},{"not_picked":["Cleave","Armaments","Clothesline"],"picked":"SKIP","floor":30},{"not_picked":["Battle Trance","Sword Boomerang+1","Rage"],"picked":"SKIP","floor":31}],"player_experience":226635,"relics_obtained":[{"floor":6.0,"key":"Matryoshka"},{"floor":9.0,"key":"Nunchaku"},{"floor":9.0,"key":"MealTicket"},{"floor":22,"key":"Regal Pillow"},{"floor":22,"key":"War Paint"},{"floor":23,"key":"StrikeDummy"},{"floor":25,"key":"Bottled Flame"},{"floor":26,"key":"Lantern"}],"event_choices":[{"cards_removed":["Strike_R"],"damage_healed":0.0,"max_hp_gain":0.0,"max_hp_loss":0.0,"gold_gain":0.0,"event_name":"Living Wall","player_choice":"Forget","floor":2.0,"gold_loss":0.0,"damage_taken":0.0},{"damage_healed":0.0,"max_hp_gain":0.0,"max_hp_loss":0.0,"gold_gain":0.0,"event_name":"WeMeetAgain","player_choice":"Gave Potion","floor":3.0,"gold_loss":0.0,"damage_taken":0.0,"relics_obtained":["Anchor"]},{"damage_healed":0.0,"max_hp_gain":0.0,"max_hp_loss":0.0,"gold_gain":0.0,"event_name":"Dead Adventurer","player_choice":"Searched \u00270\u0027 times","floor":10.0,"gold_loss":0.0,"damage_taken":0.0},{"damage_healed":0.0,"max_hp_gain":0.0,"max_hp_loss":0.0,"gold_gain":0.0,"event_name":"Shining Light","player_choice":"Entered Light","floor":11.0,"gold_loss":0.0,"damage_taken":16.0,"cards_upgraded":["Defend_R","Strike_R"]},{"cards_removed":["Strike_R"],"damage_healed":0.0,"max_hp_gain":0.0,"max_hp_loss":0.0,"gold_gain":0.0,"event_name":"Golden Wing","player_choice":"Card Removal","floor":13.0,"gold_loss":0.0,"damage_taken":7.0},{"damage_healed":0.0,"max_hp_gain":0.0,"max_hp_loss":0.0,"gold_gain":75.0,"event_name":"FaceTrader","player_choice":"Touch","floor":14.0,"gold_loss":0.0,"damage_taken":8.0}],"is_beta":true,"boss_relics":[{"not_picked":["Busted Crown","Runic Dome"],"picked":"Tiny House"}],"items_purged_floors":[19],"is_endless":false,"potions_floor_spawned":[1,4,8,18,20,25,31],"killed_by":"Automaton","ascension_level":8}