{"gold_per_floor":[210,223,242,242,202,202,202,202,202,202,215,249,249,292,292,411,411,424,349,362,362,38,76,76,119,142,142],"floor_reached":27,"playtime":817,"items_purged":["Bash"],"score":360,"play_id":"26899744-b4ff-4915-aefb-031b14d33393","local_time":"20200104004106","is_ascension_mode":true,"campfire_choices":[{"data":"Fire Breathing","floor":6,"key":"SMITH"},{"data":"Evolve","floor":8,"key":"SMITH"},{"data":"Fire Breathing","floor":13,"key":"SMITH"},{"data":"Flame Barrier","floor":15,"key":"SMITH"},{"data":"True Grit","floor":24,"key":"SMITH"}],"neow_cost":"NONE","seed_source_timestamp":1398511837473031,"circlet_count":0,"master_deck":["Strike_R","Strike_R","Strike_R","Strike_R","Defend_R","Defend_R","Defend_R","Defend_R","Battle Trance","Flame Barrier+1","Evolve+1","Injury","Fire Breathing+1","Sentinel+1","Wild Strike","Fire Breathing+1","Headbutt","Second Wind+1","Writhe","True Grit+1","Flame Barrier","Barricade"],"relics":["Black Blood","Golden Idol","Ornamental Fan","Lizard Tail","Bottled Lightning","Gremlin Horn","HornCleat","Shuriken","War Paint","Red Skull"],"potions_floor_usage":[12,23,23],"damage_taken":[{"damage":1,"enemies":"Cultist","floor":1,"turns":3},{"damage":5,"enemies":"Small Slimes","floor":2,"turns":3},{"damage":2,"enemies":"Jaw Worm","floor":3,"turns":4},{"damage":16,"enemies":"Blue Slaver","floor":11,"turns":6},{"damage":13,"enemies":"3 Sentries","floor":12,"turns":3},{"damage":35,"enemies":"Gremlin Nob","floor":14,"turns":5},{"damage":20,"enemies":"Hexaghost","floor":16,"turns":8},{"damage":20,"enemies":"Shell Parasite","floor":18,"turns":6},{"damage":7,"enemies":"Chosen","floor":20,"turns":4},{"damage":83,"enemies":"Gremlin Leader","floor":23,"turns":7},{"damage":38,"enemies":"Book of Stabbing","floor":25,"turns":7},{"damage":27,"enemies":"Gremlin Leader","floor":27,"turns":2}],"seed_played":"-1757092515876795366","potions_obtained":[{"floor":1,"key":"Swift Potion"},{"floor":16,"key":"Swift Potion"},{"floor":20,"key":"BloodPotion"}],"is_trial":false,"path_per_floor":["M","M","M","?","$","R","$","R","T","?","M","E","R","E","R","B",null,"M","$","M","?","$","E","R","E","T","E"],"character_chosen":"IRONCLAD","items_purchased":["Fire Breathing","True Grit","HornCleat","Flame Barrier"],"campfire_rested":0,"item_purchase_floors":[5,22,22,22],"current_hp_per_floor":[77,78,80,80,80,80,80,80,80,80,70,63,63,34,34,20,65,57,57,62,62,62,52,52,26,26,0],"gold":142,"neow_bonus":"HUNDRED_GOLD","is_prod":false,"is_daily":false,"chose_seed":false,"campfire_upgraded":5,"win_rate":0,"timestamp":1578080466,"path_taken":["M","M","?","?","$","R","$","R","T","?","M","E","R","E","R","BOSS","M","$","M","?","$","E","R","E","T","E"],"build_version":"2019-10-30","purchased_purges":1,"victory":false,"max_hp_per_floor":[80,80,80,80,80,80,80,80,80,80,80,80,80,80,80,80,80,80,80,80,80,80,80,80,80,80,80],"card_choices":[{"not_picked":["Bloodletting","Perfected Strike"],"picked":"Battle Trance","floor":1},{"not_picked":["Perfected Strike","Clash"],"picked":"Flame Barrier","floor":2},{"not_picked":["Dropkick","Armaments"],"picked":"Evolve","floor":3},{"not_picked":["Shockwave","True Grit"],"picked":"Wild Strike","floor":11},{"not_picked":["Clash","Pommel Strike"],"picked":"Fire Breathing","floor":12},{"not_picked":["Immolate","Pummel"],"picked":"Headbutt","floor":14},{"not_picked":["Iron Wave","Clash","Flex"],"picked":"SKIP","floor":18},{"not_picked":["Thunderclap","Cleave"],"picked":"Second Wind","floor":20},{"not_picked":["Entrench","Havoc"],"picked":"Barricade","floor":23},{"not_picked":["Pommel Strike","Uppercut+1","Anger+1"],"picked":"SKIP","floor":25}],"player_experience":202127,"relics_obtained":[{"floor":9,"key":"Ornamental Fan"},{"floor":12,"key":"Lizard Tail"},{"floor":14,"key":"Bottled Lightning"},{"floor":23,"key":"Shuriken"},{"floor":25,"key":"War Paint"},{"floor":26,"key":"Red Skull"}],"event_choices":[{"damage_healed":0,"gold_gain":0,"player_choice":"Take Wound","damage_taken":0,"relics_obtained":["Golden Idol"],"max_hp_gain":0,"max_hp_loss":0,"event_name":"Golden Idol","floor":4,"gold_loss":0,"cards_obtained":["Injury"]},{"damage_healed":0,"gold_gain":0,"cards_transformed":["Strike_R"],"player_choice":"Change","damage_taken":0,"max_hp_gain":0,"max_hp_loss":0,"event_name":"Living Wall","floor":10,"gold_loss":0,"cards_obtained":["Sentinel"]},{"damage_healed":0,"gold_gain":0,"player_choice":"Opened","damage_taken":0,"relics_obtained":["Gremlin Horn"],"max_hp_gain":0,"max_hp_loss":0,"event_name":"The Mausoleum","floor":21,"gold_loss":0,"cards_obtained":["Writhe"]}],"is_beta":true,"boss_relics":[{"not_picked":["Runic Dome","SacredBark"],"picked":"Black Blood"}],"items_purged_floors":[19],"is_endless":false,"potions_floor_spawned":[1,16,20],"killed_by":"Gremlin Leader","ascension_level":8}