{"gold_per_floor":[359,374,374,374,374,374,413,338,390,7,28,52,52,75,75,204,204,173,198,198,211,65,65,65,86,109,109,109,127,173,191,191,191],"floor_reached":33,"playtime":1179,"items_purged":["Strike_R","Shame"],"score":346,"play_id":"fbf95710-2eba-4298-a1b3-15e83153b525","local_time":"20200105183932","is_ascension_mode":true,"campfire_choices":[{"data":"Body Slam","floor":6,"key":"SMITH"},{"floor":13,"key":"REST"},{"data":"Metallicize","floor":15,"key":"SMITH"},{"floor":23,"key":"REST"},{"data":"True Grit","floor":27,"key":"SMITH"},{"data":"Body Slam","floor":32,"key":"SMITH"}],"neow_cost":"TEN_PERCENT_HP_LOSS","seed_source_timestamp":1549268216566237,"circlet_count":0,"master_deck":["Defend_R","Defend_R","Defend_R","Defend_R","Bash","Body Slam+1","Evolve","Metallicize+1","True Grit+1","Shrug It Off","Feel No Pain","Reckless Charge","Body Slam+1"],"relics":["Burning Blood","Golden Idol","Nunchaku","Potion Belt","Oddly Smooth Stone","Toy Ornithopter","Empty Cage","Happy Flower","Art of War","Ice Cream","Akabeko"],"potions_floor_usage":[7,19,21,25,33,33,33],"damage_taken":[{"damage":0,"enemies":"Small Slimes","floor":1,"turns":3},{"damage":15,"enemies":"Jaw Worm","floor":2,"turns":6},{"damage":28,"enemies":"Gremlin Nob","floor":7,"turns":5},{"damage":8,"enemies":"2 Louse","floor":11,"turns":3},{"damage":14,"enemies":"Large Slime","floor":12,"turns":7},{"damage":5,"enemies":"Looter","floor":14,"turns":4},{"damage":34,"enemies":"Hexaghost","floor":16,"turns":10},{"damage":28,"enemies":"2 Thieves","floor":18,"turns":5},{"damage":11,"enemies":"Shell Parasite","floor":19,"turns":7},{"damage":27,"enemies":"Centurion and Healer","floor":21,"turns":8},{"damage":33,"enemies":"Snecko","floor":25,"turns":12},{"damage":10,"enemies":"Sentry and Sphere","floor":29,"turns":8},{"damage":0,"enemies":"Cultist and Chosen","floor":31,"turns":7},{"damage":45,"enemies":"Collector","floor":33,"turns":6}],"seed_played":"-5196051489046907484","potions_obtained":[{"floor":2,"key":"Weak Potion"},{"floor":7,"key":"AttackPotion"},{"floor":12,"key":"BloodPotion"},{"floor":14,"key":"ColorlessPotion"},{"floor":21,"key":"Weak Potion"},{"floor":29,"key":"PowerPotion"}],"is_trial":false,"path_per_floor":["M","M","?","?","?","R","E","$","T","$","M","M","R","M","R","B",null,"M","M","?","M","$","R","?","M","T","R","?","M","T","M","R","B"],"character_chosen":"IRONCLAD","items_purchased":["Evolve","Oddly Smooth Stone","Toy Ornithopter","Strength Potion","Shrug It Off"],"campfire_rested":2,"item_purchase_floors":[10,10,10,10,22],"current_hp_per_floor":[72,63,63,56,56,56,34,34,34,34,32,24,44,45,45,17,55,33,33,33,30,30,50,50,28,28,28,28,24,24,30,30,0],"gold":191,"neow_bonus":"TWO_FIFTY_GOLD","is_prod":false,"is_daily":false,"chose_seed":false,"campfire_upgraded":4,"win_rate":0,"timestamp":1578231572,"path_taken":["M","M","?","?","?","R","E","$","T","$","M","M","R","M","R","BOSS","M","M","?","M","$","R","?","M","T","R","?","M","?","?","R","BOSS"],"build_version":"2019-10-30","purchased_purges":2,"victory":false,"max_hp_per_floor":[72,72,67,67,67,67,67,67,67,67,67,67,67,67,67,67,67,67,67,67,67,67,67,67,67,67,67,67,67,67,67,67,67],"card_choices":[{"not_picked":["Uppercut","Spot Weakness"],"picked":"Body Slam","floor":1},{"not_picked":["Carnage","Cleave","Pommel Strike"],"picked":"SKIP","floor":2},{"not_picked":["Searing Blow","Clash","Dropkick"],"picked":"SKIP","floor":7},{"not_picked":["Thunderclap","Havoc","Shockwave"],"picked":"SKIP","floor":11},{"not_picked":["True Grit","Rupture"],"picked":"Demon Form","floor":12},{"not_picked":["Thunderclap","Reckless Charge"],"picked":"Metallicize","floor":14},{"not_picked":["Spot Weakness","Wild Strike"],"picked":"True Grit","floor":18},{"not_picked":["Dual Wield","Armaments","Burning Pact+1"],"picked":"SKIP","floor":19},{"not_picked":["Rampage","Sever Soul","Fire Breathing"],"picked":"SKIP","floor":21},{"not_picked":["Armaments","Evolve+1","Intimidate"],"picked":"SKIP","floor":25},{"not_picked":["True Grit","Hemokinesis+1"],"picked":"Body Slam","floor":29},{"not_picked":["Clash","Armaments","Body Slam"],"picked":"SKIP","floor":31}],"player_experience":204257,"relics_obtained":[{"floor":7,"key":"Nunchaku"},{"floor":9,"key":"Potion Belt"},{"floor":26,"key":"Art of War"},{"floor":30,"key":"Akabeko"}],"event_choices":[{"damage_healed":0,"gold_gain":0,"player_choice":"Lose Max HP","damage_taken":0,"relics_obtained":["Golden Idol"],"max_hp_gain":0,"max_hp_loss":5,"event_name":"Golden Idol","floor":3,"gold_loss":0},{"cards_removed":["Strike_R"],"damage_healed":0,"gold_gain":0,"player_choice":"Card Removal","damage_taken":7,"max_hp_gain":0,"max_hp_loss":0,"event_name":"Golden Wing","floor":4,"gold_loss":0},{"damage_healed":0,"gold_gain":0,"cards_transformed":["Strike_R"],"player_choice":"Change","damage_taken":0,"max_hp_gain":0,"max_hp_loss":0,"event_name":"Living Wall","floor":5,"gold_loss":0,"cards_obtained":["Blood for Blood"]},{"damage_healed":0,"gold_gain":0,"player_choice":"Stole Relic","damage_taken":0,"relics_obtained":["Happy Flower"],"max_hp_gain":0,"max_hp_loss":0,"event_name":"Addict","floor":20,"gold_loss":0,"cards_obtained":["Shame"]},{"damage_healed":0,"gold_gain":0,"cards_transformed":["Demon Form","Blood for Blood"],"player_choice":"Became Test Subject","damage_taken":0,"max_hp_gain":0,"max_hp_loss":0,"event_name":"Drug Dealer","floor":24,"gold_loss":0,"cards_obtained":["Feel No Pain","Reckless Charge"]},{"damage_healed":0,"gold_gain":0,"player_choice":"Opened","damage_taken":0,"relics_obtained":["Ice Cream"],"max_hp_gain":0,"max_hp_loss":0,"event_name":"The Mausoleum","floor":28,"gold_loss":0}],"is_beta":true,"boss_relics":[{"not_picked":["Snecko Eye","Runic Pyramid"],"picked":"Empty Cage"}],"items_purged_floors":[8,22],"is_endless":false,"potions_floor_spawned":[2,7,12,14,21,29],"killed_by":"Collector","ascension_level":8}