{"gold_per_floor":[118,130,145,145,95,128,203,203,262,274,317,329,341,377,389,530,542,567,150,150,166,166,185,185,185,210,255,255,287,330,355,355,355],"floor_reached":33,"playtime":1587,"items_purged":["Regret"],"score":396,"play_id":"ee37d237-9ef9-4c40-8c04-d8f026faf4e0","local_time":"20200106210535","is_ascension_mode":true,"campfire_choices":[{"data":"Berserk","floor":10.0,"key":"SMITH"},{"data":"Perfected Strike","floor":13.0,"key":"SMITH"},{"data":"Flex","floor":15.0,"key":"SMITH"},{"data":"Havoc","floor":25,"key":"SMITH"},{"data":"Second Wind","floor":32,"key":"SMITH"}],"neow_cost":"NONE","seed_source_timestamp":1644014592048797,"circlet_count":0,"master_deck":["Strike_R","Strike_R","Strike_R","Strike_R","Strike_R","Defend_R","Defend_R","Defend_R","Perfected Strike+1","Iron Wave","Berserk+1","Flex+1","CurseOfTheBell","Limit Break","Feel No Pain","Havoc+1","Wild Strike+1","Second Wind+1","Evolve","Feed","Fiend Fire","Second Wind+1","Corruption","Iron Wave+1"],"special_seed":0,"relics":["Burning Blood","Toy Ornithopter","Golden Idol","Strawberry","MawBank","Red Skull","Odd Mushroom","Omamori","Meat on the Bone","Charon\u0027s Ashes","Oddly Smooth Stone","Nloth\u0027s Gift","Necronomicon","CeramicFish","Mummified Hand","Dream Catcher"],"potions_floor_usage":[23,27,27,27,29,30,33,33],"damage_taken":[{"damage":4.0,"enemies":"2 Louse","floor":1.0,"turns":4.0},{"damage":4.0,"enemies":"Jaw Worm","floor":2.0,"turns":3.0},{"damage":3.0,"enemies":"Small Slimes","floor":3.0,"turns":2.0},{"damage":30.0,"enemies":"Lagavulin","floor":6.0,"turns":5.0},{"damage":30.0,"enemies":"The Mushroom Lair","floor":11.0,"turns":4.0},{"damage":2.0,"enemies":"2 Fungi Beasts","floor":14.0,"turns":2.0},{"damage":44.0,"enemies":"The Guardian","floor":16.0,"turns":6.0},{"damage":10.0,"enemies":"Chosen","floor":18.0,"turns":4.0},{"damage":35.0,"enemies":"Shell Parasite","floor":21.0,"turns":5.0},{"damage":6,"enemies":"Snecko","floor":23,"turns":4},{"damage":6,"enemies":"Gremlin Leader","floor":27,"turns":5},{"damage":24,"enemies":"3 Cultists","floor":29,"turns":5},{"damage":13,"enemies":"Slavers","floor":30,"turns":6},{"damage":34,"enemies":"Snake Plant","floor":31,"turns":4},{"damage":60,"enemies":"Automaton","floor":33,"turns":8}],"seed_played":"6033804161010037595","potions_obtained":[{"floor":2.0,"key":"BlessingOfTheForge"},{"floor":3.0,"key":"BloodPotion"},{"floor":12.0,"key":"Block Potion"},{"floor":12.0,"key":"HeartOfIron"},{"floor":14.0,"key":"PowerPotion"},{"floor":18.0,"key":"EntropicBrew"},{"floor":27,"key":"DistilledChaos"},{"floor":31,"key":"AttackPotion"}],"is_trial":false,"path_per_floor":["M","M","M","?","?","E","?","?","T","R","?","?","R","M","R","B",null,"M","$","?","M","?","M","?","R","T","E","?","M","E","M","R","B"],"character_chosen":"IRONCLAD","items_purchased":["Limit Break","Feel No Pain","Havoc","Oddly Smooth Stone"],"campfire_rested":0,"item_purchase_floors":[19,19,19,19],"current_hp_per_floor":[74,76,79,74,74,57,46,46,46,46,22,22,22,47,47,14,64,60,60,60,43,27,44,44,44,44,59,59,49,59,43,43,0],"gold":355,"neow_bonus":"RANDOM_COMMON_RELIC","is_prod":false,"is_daily":false,"chose_seed":false,"campfire_upgraded":5,"win_rate":0,"timestamp":1578326735,"path_taken":["M","M","M","?","?","E","?","?","T","R","?","?","R","?","R","BOSS","M","$","?","?","?","M","?","R","T","E","?","?","E","M","R","BOSS"],"build_version":"2019-10-30","purchased_purges":1,"victory":false,"max_hp_per_floor":[80,80,80,74,74,81,81,81,81,81,81,81,81,81,81,81,81,81,81,81,81,81,81,81,81,81,81,81,84,84,84,84,84],"card_choices":[{"not_picked":["True Grit","Armaments"],"picked":"Clash","floor":1.0},{"not_picked":["Warcry","Ghostly Armor"],"picked":"Perfected Strike","floor":2.0},{"not_picked":["Headbutt","Searing Blow"],"picked":"Iron Wave","floor":3.0},{"not_picked":["Intimidate","Sentinel"],"picked":"Berserk","floor":6.0},{"not_picked":["Combust","Headbutt"],"picked":"Flex","floor":14.0},{"not_picked":["Headbutt","Second Wind","Body Slam"],"picked":"SKIP","floor":18.0},{"not_picked":["Armaments+1","Anger+1"],"picked":"Wild Strike+1","floor":21.0},{"not_picked":["Cleave","Thunderclap"],"picked":"Second Wind+1","floor":23},{"not_picked":["Uppercut","True Grit+1"],"picked":"Fiend Fire","floor":27},{"not_picked":["Clothesline","Shrug It Off"],"picked":"Second Wind","floor":29},{"not_picked":["Brutality","True Grit"],"picked":"Corruption","floor":30},{"not_picked":["Sword Boomerang+1","Anger+1"],"picked":"Iron Wave+1","floor":31}],"player_experience":206793,"relics_obtained":[{"floor":6.0,"key":"Strawberry"},{"floor":9.0,"key":"Red Skull"},{"floor":11.0,"key":"Odd Mushroom"},{"floor":17.0,"key":"Omamori"},{"floor":17.0,"key":"Meat on the Bone"},{"floor":17.0,"key":"Charon\u0027s Ashes"},{"floor":22,"key":"Necronomicon"},{"floor":26,"key":"CeramicFish"},{"floor":27,"key":"Mummified Hand"},{"floor":30,"key":"Dream Catcher"}],"event_choices":[{"damage_healed":0.0,"max_hp_gain":0.0,"max_hp_loss":6.0,"gold_gain":0.0,"event_name":"Golden Idol","player_choice":"Lose Max HP","floor":4.0,"gold_loss":0.0,"damage_taken":0.0,"relics_obtained":["Golden Idol"]},{"cards_removed":["Defend_R"],"damage_healed":0.0,"max_hp_gain":0.0,"max_hp_loss":0.0,"gold_gain":0.0,"event_name":"The Cleric","player_choice":"Card Removal","floor":5.0,"gold_loss":50.0,"damage_taken":0.0},{"damage_healed":0.0,"max_hp_gain":0.0,"max_hp_loss":0.0,"gold_gain":75.0,"event_name":"World of Goop","player_choice":"Gather Gold","floor":7.0,"gold_loss":0.0,"damage_taken":11.0},{"damage_healed":0.0,"max_hp_gain":0.0,"max_hp_loss":0.0,"gold_gain":0.0,"event_name":"Big Fish","player_choice":"Box","floor":8.0,"gold_loss":0.0,"damage_taken":0.0,"relics_obtained":["MawBank"],"cards_obtained":["Regret"]},{"damage_healed":0.0,"max_hp_gain":0.0,"max_hp_loss":0.0,"gold_gain":0.0,"event_name":"Mushrooms","player_choice":"Fought Mushrooms","floor":11.0,"gold_loss":0.0,"damage_taken":0.0},{"damage_healed":0.0,"max_hp_gain":0.0,"max_hp_loss":0.0,"gold_gain":0.0,"event_name":"Lab","player_choice":"Got Potions","floor":12.0,"gold_loss":0.0,"damage_taken":0.0},{"damage_healed":0.0,"max_hp_gain":0.0,"max_hp_loss":0.0,"gold_gain":0.0,"event_name":"N\u0027loth","player_choice":"Traded Relic","floor":20.0,"relics_lost":["Calling Bell"],"gold_loss":0.0,"damage_taken":0.0,"relics_obtained":["Nloth\u0027s Gift"]},{"damage_healed":0,"gold_gain":0,"player_choice":"Obtained Book","damage_taken":16,"max_hp_gain":0,"max_hp_loss":0,"event_name":"Cursed Tome","floor":22,"gold_loss":0},{"damage_healed":0,"gold_gain":0,"cards_transformed":["Clash","Bash"],"player_choice":"Became Test Subject","damage_taken":0,"max_hp_gain":0,"max_hp_loss":0,"event_name":"Drug Dealer","floor":24,"gold_loss":0,"cards_obtained":["Evolve","Feed"]},{"damage_healed":0,"gold_gain":0,"player_choice":"Ignored","damage_taken":0,"max_hp_gain":0,"max_hp_loss":0,"event_name":"Beggar","floor":28,"gold_loss":0}],"is_beta":true,"boss_relics":[{"not_picked":["Ectoplasm","Runic Pyramid"],"picked":"Calling Bell"}],"items_purged_floors":[19],"is_endless":false,"potions_floor_spawned":[2,3,14,18,27,31],"killed_by":"Automaton","ascension_level":8}