{"gold_per_floor":[110,110,129,144,163,163,181,213,240,240,253,353,371,381,381,482,482],"floor_reached":17,"playtime":424,"items_purged":[],"score":225,"play_id":"28c9c9b0-712d-4f28-882f-df8165e65606","local_time":"20200108123130","is_ascension_mode":true,"campfire_choices":[{"data":"Whirlwind","floor":6.0,"key":"SMITH"},{"data":"Thunderclap","floor":10.0,"key":"SMITH"},{"data":"Bludgeon","floor":15,"key":"SMITH"}],"neow_cost":"NONE","seed_source_timestamp":1787097748475750,"circlet_count":0,"master_deck":["Strike_R","Strike_R","Strike_R","Strike_R","Strike_R","Defend_R","Defend_R","Defend_R","Defend_R","Bash","Bludgeon+1","Thunderclap+1","Evolve","Whirlwind+1","Bludgeon"],"special_seed":0,"relics":["Burning Blood","Meat on the Bone","Boot"],"potions_floor_usage":[16,16],"damage_taken":[{"damage":1.0,"enemies":"Cultist","floor":1.0,"turns":3.0},{"damage":4.0,"enemies":"Small Slimes","floor":3.0,"turns":3.0},{"damage":4.0,"enemies":"Jaw Worm","floor":4.0,"turns":3.0},{"damage":6.0,"enemies":"Looter","floor":5.0,"turns":2.0},{"damage":6.0,"enemies":"Exordium Thugs","floor":7.0,"turns":4.0},{"damage":25.0,"enemies":"3 Sentries","floor":8.0,"turns":6.0},{"damage":11.0,"enemies":"3 Louse","floor":11.0,"turns":3.0},{"damage":9.0,"enemies":"2 Fungi Beasts","floor":13.0,"turns":2.0},{"damage":8,"enemies":"Blue Slaver","floor":14,"turns":2},{"damage":46,"enemies":"Hexaghost","floor":16,"turns":7}],"seed_played":"-853974602596716197","potions_obtained":[{"floor":3.0,"key":"ColorlessPotion"},{"floor":7.0,"key":"CultistPotion"},{"floor":13.0,"key":"PowerPotion"},{"floor":14,"key":"PowerPotion"},{"floor":16,"key":"PowerPotion"}],"is_trial":false,"path_per_floor":["M","$","M","M","M","R","M","E","T","R","M","?","M","M","R","B",null],"character_chosen":"IRONCLAD","items_purchased":[],"campfire_rested":0,"item_purchase_floors":[],"current_hp_per_floor":[77,77,79,80,80,80,80,61,61,61,56,56,53,51,51,23,23],"gold":482,"neow_bonus":"ONE_RANDOM_RARE_CARD","is_prod":false,"is_daily":false,"chose_seed":false,"campfire_upgraded":3,"win_rate":0,"timestamp":1578468690,"path_taken":["M","$","M","M","M","R","M","E","T","R","?","?","M","?","R","BOSS"],"build_version":"2019-10-30","purchased_purges":0,"victory":false,"max_hp_per_floor":[80,80,80,80,80,80,80,80,80,80,80,80,80,80,80,80,80],"card_choices":[{"not_picked":["Body Slam","Headbutt"],"picked":"Thunderclap","floor":1.0},{"not_picked":["Pommel Strike","Flex"],"picked":"Evolve","floor":3.0},{"not_picked":["Anger","Clothesline","Twin Strike"],"picked":"SKIP","floor":4.0},{"not_picked":["Power Through","Thunderclap"],"picked":"Whirlwind","floor":5.0},{"not_picked":["Exhume","Armaments","Pommel Strike"],"picked":"SKIP","floor":7.0},{"not_picked":["Headbutt","Anger","Clash"],"picked":"SKIP","floor":8.0},{"not_picked":["Pommel Strike","Perfected Strike"],"picked":"Bludgeon","floor":11.0},{"not_picked":["Headbutt","Warcry","Sentinel"],"picked":"SKIP","floor":13.0},{"not_picked":["Wild Strike","Havoc","Pummel"],"picked":"SKIP","floor":14}],"player_experience":210683,"relics_obtained":[{"floor":8.0,"key":"Meat on the Bone"},{"floor":9.0,"key":"Boot"}],"event_choices":[{"damage_healed":0.0,"max_hp_gain":0.0,"max_hp_loss":0.0,"gold_gain":100.0,"event_name":"Golden Shrine","player_choice":"Pray","floor":12.0,"gold_loss":0.0,"damage_taken":0.0}],"is_beta":true,"boss_relics":[],"items_purged_floors":[],"is_endless":false,"potions_floor_spawned":[3,7,13,14,16],"ascension_level":8}