{"gold_per_floor":[115,115,125,27,39,39,39,39,90,100,128,415,446,478,490,502],"floor_reached":16,"playtime":628,"items_purged":["Regret"],"score":148,"play_id":"dac11d2a-bb88-4e7a-aa5c-d9868ce16cd1","local_time":"20200114115417","is_ascension_mode":true,"campfire_choices":[{"data":"Body Slam","floor":6,"key":"SMITH"},{"data":"True Grit","floor":8,"key":"SMITH"},{"data":"Reckless Charge","floor":15,"key":"SMITH"}],"neow_cost":"CURSE","seed_source_timestamp":236055112904768,"circlet_count":0,"master_deck":["Strike_R","Strike_R","Strike_R","Defend_R","Defend_R","Defend_R","Defend_R","Bash","True Grit+1","Sentinel","Shrug It Off","Body Slam+1","Feel No Pain","Reckless Charge+1","Burning Pact","Regret","Second Wind"],"relics":["Burning Blood","Strawberry","MawBank"],"potions_floor_usage":[2,11,16,16],"damage_taken":[{"damage":13,"enemies":"2 Louse","floor":1,"turns":4},{"damage":19,"enemies":"Cultist","floor":3,"turns":6},{"damage":0,"enemies":"Small Slimes","floor":5,"turns":7},{"damage":4,"enemies":"3 Louse","floor":10,"turns":6},{"damage":23,"enemies":"Gremlin Nob","floor":11,"turns":4},{"damage":24,"enemies":"Large Slime","floor":13,"turns":10},{"damage":12,"enemies":"Exordium Wildlife","floor":14,"turns":5},{"damage":29,"enemies":"The Guardian","floor":16,"turns":8}],"seed_played":"7518191971685426566","potions_obtained":[{"floor":1,"key":"DuplicationPotion"},{"floor":2,"key":"Fruit Juice"},{"floor":2,"key":"ElixirPotion"},{"floor":2,"key":"ColorlessPotion"},{"floor":13,"key":"PowerPotion"}],"is_trial":false,"path_per_floor":["M","?","M","$","M","R","$","R","T","M","E","?","M","M","R","B"],"character_chosen":"IRONCLAD","items_purchased":["Body Slam"],"campfire_rested":0,"item_purchase_floors":[4],"current_hp_per_floor":[65,70,57,57,63,63,63,63,70,72,55,55,37,31,31,2],"gold":502,"neow_bonus":"TRANSFORM_TWO_CARDS","is_prod":false,"is_daily":false,"chose_seed":false,"campfire_upgraded":3,"win_rate":0,"timestamp":1578984857,"path_taken":["M","?","M","$","M","R","$","R","T","?","E","?","?","M","R","BOSS"],"build_version":"2019-10-30","purchased_purges":1,"victory":false,"max_hp_per_floor":[80,85,85,85,85,85,85,85,92,92,92,92,92,92,92,92],"card_choices":[{"not_picked":["Pommel Strike","Anger","Dropkick"],"picked":"SKIP","floor":1},{"not_picked":["Headbutt","Warcry"],"picked":"Shrug It Off","floor":3},{"not_picked":["Shrug It Off","Anger"],"picked":"Feel No Pain","floor":5},{"not_picked":["Uppercut","Shockwave"],"picked":"Reckless Charge","floor":10},{"not_picked":["Thunderclap","Twin Strike"],"picked":"Burning Pact","floor":11},{"not_picked":["Dual Wield","Clash","Limit Break"],"picked":"SKIP","floor":13},{"not_picked":["Dropkick","Bloodletting"],"picked":"Second Wind","floor":14}],"player_experience":246464,"relics_obtained":[{"floor":9,"key":"Strawberry"},{"floor":11,"key":"MawBank"}],"event_choices":[{"damage_healed":0,"gold_gain":0,"player_choice":"Got Potions","damage_taken":0,"max_hp_gain":0,"max_hp_loss":0,"event_name":"Lab","floor":2,"gold_loss":0},{"damage_healed":0,"gold_gain":275,"player_choice":"Desecrate","damage_taken":0,"max_hp_gain":0,"max_hp_loss":0,"event_name":"Golden Shrine","floor":12,"gold_loss":0,"cards_obtained":["Regret"]}],"is_beta":true,"boss_relics":[],"items_purged_floors":[4],"is_endless":false,"potions_floor_spawned":[1,5,10,13],"killed_by":"The Guardian","ascension_level":9}