{"gold_per_floor":[119,131,131,148,23,23,40,72,97,124,124,124,23,23,23,118,118,85,105,55,73,85,85,85],"floor_reached":24,"playtime":950,"items_purged":["Defend_R","Bash"],"score":299,"play_id":"cb3c425a-7549-418b-b6b2-4e7dcc57506d","local_time":"20200120200831","is_ascension_mode":true,"campfire_choices":[{"data":"Entrench","floor":6,"key":"SMITH"},{"data":"Rage","floor":12,"key":"SMITH"},{"data":"Shrug It Off","floor":15,"key":"SMITH"},{"floor":23,"key":"REST"}],"neow_cost":"NONE","seed_source_timestamp":783816911611802,"circlet_count":0,"master_deck":["Strike_R","Strike_R","Strike_R","Defend_R+1","Defend_R+1","Cleave","Entrench+1","Evolve","Shrug It Off+1","Iron Wave","Rage+1","Offering","Iron Wave","Demon Form","Shrug It Off+1","Brutality+1","Disarm+1","Inflame","Heavy Blade","Whirlwind","Body Slam+1"],"relics":["Burning Blood","NeowsBlessing","Art of War","Red Skull","Smiling Mask","Astrolabe"],"potions_floor_usage":[8,18,21],"damage_taken":[{"damage":0,"enemies":"Jaw Worm","floor":1,"turns":1},{"damage":0,"enemies":"Cultist","floor":2,"turns":1},{"damage":0,"enemies":"2 Louse","floor":4,"turns":1},{"damage":12,"enemies":"Blue Slaver","floor":7,"turns":6},{"damage":15,"enemies":"Lagavulin","floor":8,"turns":7},{"damage":25,"enemies":"Gremlin Nob","floor":10,"turns":4},{"damage":29,"enemies":"The Guardian","floor":16,"turns":14},{"damage":12,"enemies":"2 Thieves","floor":18,"turns":5},{"damage":9,"enemies":"Shell Parasite","floor":19,"turns":11},{"damage":7,"enemies":"Snake Plant","floor":21,"turns":7},{"damage":47,"enemies":"Sentry and Sphere","floor":22,"turns":6},{"damage":16,"enemies":"Gremlin Leader","floor":24,"turns":6}],"seed_played":"-9215701670943499785","potions_obtained":[{"floor":3,"key":"BlessingOfTheForge"},{"floor":3,"key":"Fire Potion"},{"floor":3,"key":"BlessingOfTheForge"},{"floor":4,"key":"Explosive Potion"},{"floor":8,"key":"Energy Potion"},{"floor":16,"key":"Ancient Potion"}],"is_trial":false,"path_per_floor":["M","M","?","M","$","R","M","E","T","E","?","R","$","?","R","B",null,"M","M","$","M","M","R","E"],"character_chosen":"IRONCLAD","items_purchased":["Evolve","Shrug It Off","Iron Wave"],"campfire_rested":1,"item_purchase_floors":[5,5,13],"current_hp_per_floor":[78,80,80,80,80,80,74,65,65,46,46,46,46,30,30,7,62,56,53,53,52,11,35,19],"gold":85,"neow_bonus":"THREE_ENEMY_KILL","is_prod":false,"is_daily":false,"chose_seed":false,"campfire_upgraded":3,"win_rate":0,"timestamp":1579532911,"path_taken":["M","M","?","?","$","R","M","E","T","E","?","R","$","?","R","BOSS","M","M","$","M","M","R","E"],"build_version":"2019-10-30","purchased_purges":2,"victory":false,"max_hp_per_floor":[80,80,80,80,80,80,80,80,80,80,80,80,80,80,80,80,80,80,80,80,80,80,80,80],"card_choices":[{"not_picked":["Thunderclap","Warcry"],"picked":"Clash","floor":1},{"not_picked":["Dropkick","Burning Pact"],"picked":"Cleave","floor":2},{"not_picked":["True Grit","Thunderclap"],"picked":"Entrench","floor":4},{"not_picked":["Clash","Cleave"],"picked":"Iron Wave","floor":7},{"not_picked":["Battle Trance","Reckless Charge"],"picked":"Rage","floor":8},{"not_picked":["Uppercut","Flex"],"picked":"Offering","floor":10},{"not_picked":["Berserk","Juggernaut"],"picked":"Demon Form","floor":16},{"not_picked":["Clash","Shrug It Off"],"picked":"Inflame","floor":18},{"not_picked":["Perfected Strike","Ghostly Armor"],"picked":"Heavy Blade","floor":19},{"not_picked":["Thunderclap+1","Clash"],"picked":"Whirlwind","floor":21},{"not_picked":["Clash","Reckless Charge"],"picked":"Body Slam+1","floor":22}],"player_experience":247092,"relics_obtained":[{"floor":8,"key":"Art of War"},{"floor":9,"key":"Red Skull"},{"floor":10,"key":"Smiling Mask"}],"event_choices":[{"damage_healed":0,"gold_gain":0,"player_choice":"Got Potions","damage_taken":0,"max_hp_gain":0,"max_hp_loss":0,"event_name":"Lab","floor":3,"gold_loss":0},{"cards_removed":["Defend_R"],"damage_healed":0,"gold_gain":0,"player_choice":"Forget","damage_taken":0,"max_hp_gain":0,"max_hp_loss":0,"event_name":"Living Wall","floor":11,"gold_loss":0},{"damage_healed":0,"gold_gain":0,"player_choice":"Entered Light","damage_taken":16,"max_hp_gain":0,"max_hp_loss":0,"event_name":"Shining Light","floor":14,"gold_loss":0,"cards_upgraded":["Defend_R","Defend_R"]}],"is_beta":true,"boss_relics":[{"not_picked":["Pandora\u0027s Box","Snecko Eye"],"picked":"Astrolabe"}],"items_purged_floors":[13,20],"is_endless":false,"potions_floor_spawned":[4,7,8,16],"killed_by":"Gremlin Leader","ascension_level":9}