{"gold_per_floor":[109,59,59,59,72,72,103,123,148,148,148,163,163,238,238,340,340,360,360,360,373,389,389,401,416,416,432,357,135,153,164,164,265,265,284,194,212,62,78,105,105,5,5,21,37,37,64,64,64,64],"floor_reached":51,"playtime":1313,"items_purged":["Strike_R","Inflame"],"score":1103,"play_id":"278855d6-8db5-4722-b5c9-e4c794b1c9ad","local_time":"20200121190642","is_ascension_mode":true,"campfire_choices":[{"data":"Spot Weakness","floor":6,"key":"SMITH"},{"data":"Sword Boomerang","floor":11,"key":"SMITH"},{"data":"Limit Break","floor":15,"key":"SMITH"},{"floor":23,"key":"REST"},{"floor":32,"key":"REST"},{"data":"Limit Break","floor":41,"key":"SMITH"},{"floor":49,"key":"REST"}],"neow_cost":"NONE","seed_source_timestamp":866142401134551,"circlet_count":0,"master_deck":["Defend_R+1","Defend_R+1","Sword Boomerang+1","Spot Weakness+1","Power Through","Limit Break+1","Offering","Flex+1","Battle Trance","Twin Strike","Inflame+1","Limit Break+1","Metallicize+1","Infernal Blade+1","Shrug It Off","Seeing Red","Heavy Blade+1"],"relics":["Burning Blood","NeowsBlessing","GremlinMask","Blood Vial","Regal Pillow","Lizard Tail","War Paint","Empty Cage","Bottled Lightning","Sling","Astrolabe","Vajra","Prayer Wheel","HornCleat","Gremlin Horn"],"potions_floor_usage":[18,22,33,33,35,39,50],"damage_taken":[{"damage":0,"enemies":"2 Louse","floor":1,"turns":1},{"damage":0,"enemies":"Cultist","floor":5,"turns":1},{"damage":0,"enemies":"3 Sentries","floor":7,"turns":2},{"damage":15,"enemies":"Jaw Worm","floor":8,"turns":5},{"damage":7,"enemies":"Looter","floor":12,"turns":4},{"damage":51,"enemies":"Hexaghost","floor":16,"turns":8},{"damage":22,"enemies":"2 Thieves","floor":18,"turns":5},{"damage":22,"enemies":"Spheric Guardian","floor":21,"turns":4},{"damage":20,"enemies":"Shelled Parasite and Fungi","floor":22,"turns":5},{"damage":16,"enemies":"Chosen and Byrds","floor":24,"turns":3},{"damage":31,"enemies":"3 Cultists","floor":25,"turns":4},{"damage":6,"enemies":"Cultist and Chosen","floor":27,"turns":4},{"damage":21,"enemies":"Snake Plant","floor":30,"turns":3},{"damage":20,"enemies":"Sentry and Sphere","floor":31,"turns":4},{"damage":46,"enemies":"Automaton","floor":33,"turns":9},{"damage":15,"enemies":"3 Darklings","floor":35,"turns":3},{"damage":1,"enemies":"Orb Walker","floor":37,"turns":2},{"damage":10,"enemies":"Transient","floor":39,"turns":5},{"damage":10,"enemies":"Giant Head","floor":40,"turns":5},{"damage":24,"enemies":"Spire Growth","floor":44,"turns":3},{"damage":6,"enemies":"Maw","floor":45,"turns":4},{"damage":10,"enemies":"Nemesis","floor":47,"turns":3},{"damage":64,"enemies":"Time Eater","floor":50,"turns":5}],"seed_played":"-2128297958015971285","potions_obtained":[{"floor":1,"key":"Strength Potion"},{"floor":8,"key":"Block Potion"},{"floor":18,"key":"Dexterity Potion"},{"floor":21,"key":"SpeedPotion"},{"floor":27,"key":"Energy Potion"},{"floor":33,"key":"Swift Potion"},{"floor":37,"key":"Strength Potion"},{"floor":44,"key":"SmokeBomb"}],"is_trial":false,"path_per_floor":["M","?","?","?","M","R","E","M","T","T","R","M","?","?","R","B",null,"M","?","?","M","M","R","M","M","T","M","?","$","M","M","R","B",null,"M","?","M","$","M","E","R","$","T","M","M","?","E","?","R","B",null],"character_chosen":"IRONCLAD","items_purchased":["Sling","Vajra"],"campfire_rested":3,"item_purchase_floors":[29,38],"current_hp_per_floor":[78,78,78,78,80,80,80,71,71,71,71,72,72,61,61,18,65,51,51,51,37,25,64,56,33,33,35,35,35,22,10,49,11,63,56,56,63,63,61,59,59,59,59,43,45,45,43,43,76,18],"gold":64,"neow_bonus":"THREE_ENEMY_KILL","is_prod":false,"is_daily":false,"chose_seed":false,"campfire_upgraded":4,"win_rate":0,"timestamp":1579615602,"path_taken":["M","?","?","?","?","R","E","M","T","?","R","M","?","?","R","BOSS","M","?","?","M","M","R","?","?","T","M","?","?","?","M","R","BOSS","M","?","?","?","M","E","R","$","T","?","M","?","E","?","R","BOSS"],"build_version":"2019-10-30","purchased_purges":2,"victory":true,"max_hp_per_floor":[80,80,80,80,80,80,80,80,80,80,80,80,80,80,80,80,80,80,80,80,80,80,80,80,80,80,80,80,80,80,80,80,80,80,80,80,80,80,80,80,80,80,80,80,80,76,76,76,76,76],"card_choices":[{"not_picked":["Armaments","Dark Embrace"],"picked":"Sword Boomerang","floor":1},{"not_picked":["Armaments","Clothesline"],"picked":"Spot Weakness","floor":5},{"not_picked":["Shockwave","Metallicize"],"picked":"Power Through","floor":7},{"not_picked":["Havoc","Headbutt","Bloodletting"],"picked":"SKIP","floor":8},{"not_picked":["Pommel Strike","Perfected Strike"],"picked":"Limit Break","floor":12},{"not_picked":["Demon Form","Bludgeon"],"picked":"Offering","floor":16},{"not_picked":["Clash+1","Body Slam","Headbutt"],"picked":"SKIP","floor":18},{"not_picked":["Clothesline+1","Havoc"],"picked":"Warcry","floor":21},{"not_picked":["Reckless Charge","Clothesline"],"picked":"Flex+1","floor":22},{"not_picked":["Perfected Strike+1","Anger+1"],"picked":"Battle Trance","floor":24},{"not_picked":["Feel No Pain","Cleave"],"picked":"Twin Strike","floor":25},{"not_picked":["Corruption","Clothesline","Havoc"],"picked":"SKIP","floor":27},{"not_picked":["Clash","Pommel Strike"],"picked":"Inflame+1","floor":30},{"not_picked":["Pommel Strike","Sword Boomerang"],"picked":"Inflame","floor":31},{"not_picked":["Berserk","Immolate"],"picked":"Limit Break","floor":33},{"not_picked":["Dark Embrace+1","Armaments"],"picked":"Shrug It Off","floor":35},{"not_picked":["Warcry+1","Flex","Cleave"],"picked":"SKIP","floor":37},{"not_picked":["Flex","Flame Barrier","True Grit+1"],"picked":"SKIP","floor":39},{"not_picked":["Body Slam+1","Clash"],"picked":"Seeing Red","floor":40},{"not_picked":["Dropkick","Headbutt"],"picked":"Heavy Blade+1","floor":44},{"not_picked":["Rage","Twin Strike","Iron Wave"],"picked":"SKIP","floor":44},{"not_picked":["Body Slam+1","Iron Wave+1","Cleave+1"],"picked":"SKIP","floor":45},{"not_picked":["Berserk","Armaments","Warcry+1"],"picked":"SKIP","floor":45},{"not_picked":["Feel No Pain+1","Juggernaut","Burning Pact+1"],"picked":"SKIP","floor":47}],"player_experience":248141,"relics_obtained":[{"floor":7,"key":"Blood Vial"},{"floor":9,"key":"Regal Pillow"},{"floor":10,"key":"Lizard Tail"},{"floor":26,"key":"Bottled Lightning"},{"floor":40,"key":"Prayer Wheel"},{"floor":43,"key":"HornCleat"},{"floor":47,"key":"Gremlin Horn"}],"event_choices":[{"cards_removed":["Strike_R"],"damage_healed":0,"gold_gain":0,"player_choice":"Card Removal","damage_taken":0,"max_hp_gain":0,"max_hp_loss":0,"event_name":"The Cleric","floor":2,"gold_loss":50},{"damage_healed":0,"gold_gain":0,"cards_transformed":["Strike_R"],"player_choice":"Change","damage_taken":0,"max_hp_gain":0,"max_hp_loss":0,"event_name":"Living Wall","floor":3,"gold_loss":0,"cards_obtained":["Wild Strike"]},{"damage_healed":0,"gold_gain":0,"player_choice":"Trade","damage_taken":0,"relics_obtained":["GremlinMask"],"max_hp_gain":0,"max_hp_loss":0,"event_name":"FaceTrader","floor":4,"gold_loss":0},{"damage_healed":0,"gold_gain":0,"player_choice":"Box","damage_taken":0,"relics_obtained":["War Paint"],"max_hp_gain":0,"max_hp_loss":0,"event_name":"Big Fish","floor":13,"gold_loss":0,"cards_obtained":["Regret"]},{"damage_healed":0,"gold_gain":75,"player_choice":"Gather Gold","damage_taken":11,"max_hp_gain":0,"max_hp_loss":0,"event_name":"World of Goop","floor":14,"gold_loss":0},{"cards_removed":["Defend_R"],"damage_healed":0,"gold_gain":0,"player_choice":"Purged","damage_taken":0,"max_hp_gain":0,"max_hp_loss":0,"event_name":"Purifier","floor":20,"gold_loss":0},{"cards_removed":["Strike_R"],"damage_healed":0,"gold_gain":0,"player_choice":"Gave Gold","damage_taken":0,"max_hp_gain":0,"max_hp_loss":0,"event_name":"Beggar","floor":28,"gold_loss":75},{"cards_removed":["Searing Blow"],"damage_healed":0,"gold_gain":0,"player_choice":"Upgrade and Remove","damage_taken":0,"max_hp_gain":0,"max_hp_loss":0,"event_name":"Designer","floor":36,"gold_loss":90,"cards_upgraded":["Warcry"]},{"damage_healed":0,"gold_gain":0,"player_choice":"Max HP","damage_taken":0,"max_hp_gain":0,"max_hp_loss":4,"event_name":"Winding Halls","floor":46,"gold_loss":0},{"cards_removed":["Warcry"],"damage_healed":0,"gold_gain":0,"player_choice":"Removed Skill","damage_taken":0,"max_hp_gain":0,"max_hp_loss":0,"event_name":"Falling","floor":48,"gold_loss":0}],"is_beta":true,"boss_relics":[{"not_picked":["Tiny House","Runic Cube"],"picked":"Empty Cage"},{"not_picked":["Snecko Eye","Pandora\u0027s Box"],"picked":"Astrolabe"}],"items_purged_floors":[29,42],"is_endless":false,"potions_floor_spawned":[1,8,18,21,27,33,37,44],"ascension_level":9}