{"gold_per_floor":[117,117,117,117,128,153,153,153,180,180,29,29,41,52,52,157,157,176,189,288,203,218,218,248,248,275,300,225,244,244,147,147,147],"floor_reached":33,"playtime":791,"items_purged":["Strike_R"],"score":474,"play_id":"dc064dab-db51-4201-a9c5-aa8dfcdb42ec","local_time":"20200216192747","is_ascension_mode":true,"campfire_choices":[{"data":"Sword Boomerang","floor":7.0,"key":"SMITH"},{"data":"Pommel Strike","floor":10.0,"key":"SMITH"},{"data":"Spot Weakness","floor":12.0,"key":"SMITH"},{"data":"Sword Boomerang","floor":15.0,"key":"SMITH"},{"data":"Flex","floor":23.0,"key":"SMITH"},{"floor":25.0,"key":"REST"},{"data":"Pummel","floor":32.0,"key":"SMITH"}],"neow_cost":"NONE","seed_source_timestamp":0,"circlet_count":0,"master_deck":["AscendersBane","Strike_R","Strike_R","Strike_R","Strike_R","Defend_R+1","Defend_R+1","Defend_R+1","Defend_R","Bash+1","Sword Boomerang+1","Pommel Strike+1","Spot Weakness+1","Battle Trance+1","Evolve","Sword Boomerang+1","Impervious","Battle Trance+1","Flex+1","Pummel+1","Rage+1","Shrug It Off"],"special_seed":0,"relics":["Burning Blood","NeowsBlessing","Blood Vial","Pocketwatch","Dream Catcher","Mark of Pain","War Paint","Juzu Bracelet","Nunchaku","Letter Opener"],"potions_floor_usage":[33],"damage_taken":[{"damage":0.0,"enemies":"Jaw Worm","floor":1.0,"turns":1.0},{"damage":0.0,"enemies":"Cultist","floor":5.0,"turns":1.0},{"damage":0.0,"enemies":"Lagavulin","floor":6.0,"turns":1.0},{"damage":0.0,"enemies":"Small Slimes","floor":13.0,"turns":3.0},{"damage":1.0,"enemies":"3 Louse","floor":14.0,"turns":4.0},{"damage":18.0,"enemies":"Slime Boss","floor":16.0,"turns":6.0},{"damage":7.0,"enemies":"Shell Parasite","floor":18.0,"turns":4.0},{"damage":3.0,"enemies":"Spheric Guardian","floor":19.0,"turns":3.0},{"damage":4.0,"enemies":"Shelled Parasite and Fungi","floor":22.0,"turns":4.0},{"damage":43.0,"enemies":"Slavers","floor":24.0,"turns":5.0},{"damage":25.0,"enemies":"Book of Stabbing","floor":27.0,"turns":5.0},{"damage":14.0,"enemies":"Snecko","floor":29.0,"turns":6.0},{"damage":12.0,"enemies":"Colosseum Slavers","floor":30.0,"turns":4.0},{"damage":12,"enemies":"Collector","floor":33,"turns":4}],"seed_played":"-8022546299899806103","potions_obtained":[{"floor":6.0,"key":"Energy Potion"},{"floor":14.0,"key":"Weak Potion"},{"floor":22.0,"key":"DistilledChaos"},{"floor":24.0,"key":"Energy Potion"},{"floor":29.0,"key":"Weak Potion"}],"is_trial":false,"path_per_floor":["M","?","$","?","M","E","R","T","T","R","$","R","M","M","R","B",null,"M","M","?","?","M","R","E","R","T","E","$","M","?","$","R","B"],"character_chosen":"IRONCLAD","items_purchased":["Spot Weakness","Battle Trance","Shrug It Off","Strength Potion"],"campfire_rested":1,"item_purchase_floors":[11,11,31,31],"current_hp_per_floor":[78,62,62,62,68,74,74,74,74,74,74,74,80,80,80,68,77,78,80,80,80,80,80,43,67,67,50,50,44,40,40,40,30],"gold":147,"neow_bonus":"THREE_ENEMY_KILL","is_prod":false,"is_daily":false,"chose_seed":false,"campfire_upgraded":6,"win_rate":0,"timestamp":1581863267,"path_taken":["M","?","$","?","?","E","R","?","T","R","$","R","M","M","R","BOSS","M","M","?","?","M","R","E","R","T","E","$","M","?","$","R","BOSS"],"build_version":"2020-01-14","purchased_purges":1,"victory":false,"max_hp_per_floor":[80,80,80,80,80,80,80,80,80,80,80,80,80,80,80,80,80,80,80,80,80,80,80,80,80,80,80,80,80,80,80,80,80],"card_choices":[{"not_picked":["Clash","Clothesline","Cleave"],"picked":"SKIP","floor":1.0},{"not_picked":["Clothesline","Intimidate"],"picked":"Sword Boomerang","floor":5.0},{"not_picked":["Fiend Fire","True Grit"],"picked":"Pommel Strike","floor":6.0},{"not_picked":["Clash","Whirlwind"],"picked":"Evolve","floor":13.0},{"not_picked":["Evolve","Feel No Pain"],"picked":"Sword Boomerang","floor":14.0},{"not_picked":["Barricade","Fiend Fire"],"picked":"Impervious","floor":16.0},{"not_picked":["True Grit","Thunderclap"],"picked":"Battle Trance+1","floor":18.0},{"not_picked":["Ghostly Armor","True Grit"],"picked":"Flex","floor":19.0},{"not_picked":["Burning Pact","Havoc","Thunderclap"],"picked":"SKIP","floor":22.0},{"not_picked":["Body Slam","Ghostly Armor","Havoc+1"],"picked":"SKIP","floor":24.0},{"not_picked":["Perfected Strike","Blood for Blood"],"picked":"Pummel","floor":25.0},{"not_picked":["Fire Breathing","Sword Boomerang+1"],"picked":"Rage+1","floor":27.0},{"not_picked":["Havoc","Feed","Carnage"],"picked":"SKIP","floor":29.0}],"player_experience":286442,"relics_obtained":[{"floor":6.0,"key":"Blood Vial"},{"floor":8.0,"key":"Pocketwatch"},{"floor":9.0,"key":"Dream Catcher"},{"floor":24.0,"key":"Juzu Bracelet"},{"floor":26.0,"key":"Nunchaku"},{"floor":27.0,"key":"Letter Opener"}],"event_choices":[{"damage_healed":0.0,"max_hp_gain":0.0,"max_hp_loss":0.0,"gold_gain":0.0,"event_name":"Shining Light","player_choice":"Entered Light","floor":2.0,"gold_loss":0.0,"damage_taken":16.0,"cards_upgraded":["Defend_R","Bash"]},{"damage_healed":0.0,"max_hp_gain":0.0,"max_hp_loss":0.0,"gold_gain":0.0,"event_name":"Upgrade Shrine","player_choice":"Upgraded","floor":4.0,"gold_loss":0.0,"damage_taken":0.0,"cards_upgraded":["Defend_R"]},{"damage_healed":0.0,"max_hp_gain":0.0,"max_hp_loss":0.0,"gold_gain":99.0,"event_name":"Nest","player_choice":"Stole From Cult","floor":20.0,"gold_loss":0.0,"damage_taken":0.0},{"damage_healed":0.0,"max_hp_gain":0.0,"max_hp_loss":0.0,"gold_gain":0.0,"event_name":"Addict","player_choice":"Obtained Relic","floor":21.0,"gold_loss":85.0,"damage_taken":0.0,"relics_obtained":["War Paint"]},{"damage_healed":0.0,"max_hp_gain":0.0,"max_hp_loss":0.0,"gold_gain":0.0,"event_name":"Colosseum","player_choice":"Fight","floor":30.0,"gold_loss":0.0,"damage_taken":0.0},{"damage_healed":0.0,"max_hp_gain":0.0,"max_hp_loss":0.0,"gold_gain":0.0,"event_name":"Colosseum","player_choice":"Fled From Nobs","floor":30.0,"gold_loss":0.0,"damage_taken":0.0}],"is_beta":false,"boss_relics":[{"not_picked":["Runic Cube","Tiny House"],"picked":"Mark of Pain"}],"items_purged_floors":[28],"is_endless":false,"potions_floor_spawned":[6,14,22,24,29],"killed_by":"Collector","ascension_level":11}