{"gold_per_floor":[112,112,287,174,193,231,231,247,247,288,288,327,327,13,13,136,136,157,171,184,209,54,98,98,111,111,111,125,125,160,179,179,179],"floor_reached":33,"playtime":1331,"items_purged":["Doubt","Defend_R","Bash"],"score":465,"play_id":"fc07eb69-196d-4267-8020-b0b80ce34272","local_time":"20200209145217","is_ascension_mode":true,"campfire_choices":[{"data":"Inflame","floor":13,"key":"SMITH"},{"data":"Iron Wave","floor":15,"key":"SMITH"},{"data":"Berserk","floor":24,"key":"SMITH"},{"data":"Spot Weakness","floor":27,"key":"SMITH"},{"data":"Flex","floor":29,"key":"SMITH"},{"data":"Flame Barrier","floor":32,"key":"SMITH"}],"neow_cost":"NONE","seed_source_timestamp":3912858585800,"circlet_count":0,"master_deck":["AscendersBane","Strike_R","Strike_R","Strike_R","Strike_R","Strike_R","Defend_R","Defend_R","Defend_R","Twin Strike","Evolve","Battle Trance","Inflame+1","Pummel","Iron Wave+1","Iron Wave","Berserk+1","Flame Barrier+1","Pummel","Thunderclap+1","Spot Weakness+1","Flex+1","Metallicize"],"special_seed":0,"relics":["Burning Blood","NeowsBlessing","Golden Idol","Bird Faced Urn","The Courier","Magic Flower","Ornamental Fan","Incense Burner","Pocketwatch","Torii","Red Mask","Akabeko","Oddly Smooth Stone"],"potions_floor_usage":[12,16,20,21,21,21,30,33],"damage_taken":[{"damage":0.0,"enemies":"Jaw Worm","floor":1.0,"turns":1.0},{"damage":0.0,"enemies":"2 Louse","floor":5.0,"turns":1.0},{"damage":0.0,"enemies":"Gremlin Nob","floor":6.0,"turns":1.0},{"damage":10.0,"enemies":"Small Slimes","floor":8.0,"turns":4.0},{"damage":35.0,"enemies":"3 Sentries","floor":10.0,"turns":9.0},{"damage":30,"enemies":"Lagavulin","floor":12,"turns":7},{"damage":19,"enemies":"The Guardian","floor":16,"turns":10},{"damage":7,"enemies":"Shell Parasite","floor":18,"turns":5},{"damage":3,"enemies":"3 Byrds","floor":19,"turns":3},{"damage":11,"enemies":"Snake Plant","floor":20,"turns":5},{"damage":12,"enemies":"Cultist and Chosen","floor":21,"turns":6},{"damage":43,"enemies":"Masked Bandits","floor":23,"turns":6},{"damage":1,"enemies":"Snecko","floor":25,"turns":3},{"damage":17,"enemies":"Snake Plant","floor":28,"turns":4},{"damage":23,"enemies":"Slavers","floor":30,"turns":4},{"damage":5,"enemies":"Chosen and Byrds","floor":31,"turns":3},{"damage":58,"enemies":"Collector","floor":33,"turns":5}],"seed_played":"-5988268813991433299","potions_obtained":[{"floor":1.0,"key":"Energy Potion"},{"floor":5.0,"key":"FearPotion"},{"floor":8.0,"key":"BloodPotion"},{"floor":12,"key":"ColorlessPotion"},{"floor":19,"key":"Weak Potion"},{"floor":20,"key":"LiquidMemories"},{"floor":28,"key":"Fire Potion"},{"floor":31,"key":"EssenceOfSteel"}],"is_trial":false,"path_per_floor":["M","?","?","$","M","E","?","M","T","E","T","E","R","$","R","B",null,"M","M","M","M","$","?","R","M","T","R","M","R","E","M","R","B"],"character_chosen":"IRONCLAD","items_purchased":["Evolve","Torii","Spot Weakness"],"campfire_rested":0,"item_purchase_floors":[4,14,22],"current_hp_per_floor":[78,58,58,58,64,70,67,65,65,45,45,46,46,46,46,39,70,78,80,78,78,78,44,44,55,55,55,50,50,36,52,52,0],"gold":179,"neow_bonus":"THREE_ENEMY_KILL","is_prod":false,"is_daily":false,"chose_seed":false,"campfire_upgraded":6,"win_rate":0,"timestamp":1581241937,"path_taken":["M","?","?","?","M","E","?","M","T","E","?","E","R","?","R","BOSS","M","M","M","M","$","?","R","M","T","R","M","R","E","M","R","BOSS"],"build_version":"2020-01-14","purchased_purges":3,"victory":false,"max_hp_per_floor":[80,80,80,80,80,80,80,80,80,80,80,80,80,80,80,80,80,80,80,80,80,80,80,80,80,80,80,80,80,80,80,80,80],"card_choices":[{"not_picked":["Iron Wave","Wild Strike"],"picked":"Twin Strike","floor":1.0},{"not_picked":["Iron Wave","Rampage"],"picked":"Battle Trance","floor":5.0},{"not_picked":["Havoc","Barricade"],"picked":"Inflame","floor":6.0},{"not_picked":["Clothesline","Armaments"],"picked":"Pummel","floor":8.0},{"not_picked":["Entrench","Havoc"],"picked":"Iron Wave","floor":10.0},{"not_picked":["Pommel Strike","Second Wind"],"picked":"Iron Wave","floor":12},{"not_picked":["Corruption","Bludgeon"],"picked":"Berserk","floor":16},{"not_picked":["Sword Boomerang","Twin Strike+1"],"picked":"Flame Barrier","floor":18},{"not_picked":["Shrug It Off","Headbutt+1"],"picked":"Pummel","floor":19},{"not_picked":["Iron Wave+1","Armaments","Anger+1"],"picked":"SKIP","floor":20},{"not_picked":["Sword Boomerang","Sentinel"],"picked":"Thunderclap+1","floor":21},{"not_picked":["Shockwave+1","Berserk"],"picked":"Flex","floor":23},{"not_picked":["Pommel Strike","Clothesline"],"picked":"Metallicize","floor":25},{"not_picked":["Second Wind+1","Twin Strike","Shrug It Off"],"picked":"SKIP","floor":28},{"not_picked":["Searing Blow+1","Evolve","Cleave+1"],"picked":"SKIP","floor":30},{"not_picked":["Juggernaut","Body Slam","Sentinel+1"],"picked":"SKIP","floor":31}],"player_experience":263559,"relics_obtained":[{"floor":6.0,"key":"Bird Faced Urn"},{"floor":9.0,"key":"Magic Flower"},{"floor":10.0,"key":"Ornamental Fan"},{"floor":11.0,"key":"Incense Burner"},{"floor":12,"key":"Pocketwatch"},{"floor":23,"key":"Red Mask"},{"floor":26,"key":"Akabeko"},{"floor":30,"key":"Oddly Smooth Stone"}],"event_choices":[{"damage_healed":0.0,"max_hp_gain":0.0,"max_hp_loss":0.0,"gold_gain":0.0,"event_name":"Golden Idol","player_choice":"Take Damage","floor":2.0,"gold_loss":0.0,"damage_taken":20.0,"relics_obtained":["Golden Idol"]},{"damage_healed":0.0,"max_hp_gain":0.0,"max_hp_loss":0.0,"gold_gain":175.0,"event_name":"Liars Game","player_choice":"AGREE","floor":3.0,"gold_loss":0.0,"damage_taken":0.0,"cards_obtained":["Doubt"]},{"damage_healed":0.0,"max_hp_gain":0.0,"max_hp_loss":0.0,"gold_gain":0.0,"event_name":"Scrap Ooze","player_choice":"Success","floor":7.0,"gold_loss":0.0,"damage_taken":3.0,"relics_obtained":["The Courier"]},{"damage_healed":0,"gold_gain":0,"player_choice":"Fought Bandits","damage_taken":0,"max_hp_gain":0,"max_hp_loss":0,"event_name":"Masked Bandits","floor":23,"gold_loss":0}],"is_beta":false,"boss_relics":[{"not_picked":["Coffee Dripper","Cursed Key","Fusion Hammer"]}],"items_purged_floors":[4,14,22],"is_endless":false,"potions_floor_spawned":[1,5,8,12,19,20,28,31],"killed_by":"Collector","ascension_level":10}