{"gold_per_floor":[115,129,143,143,162,162,189,189,213,230,155,155,166,176,176,280,280,292,292,307,232,249,249,268,287,311,326,326,342,342,342,342,444,444,462,476,48,58,74,74,74,91,166,177,177,203,203,233,233,233],"floor_reached":51,"playtime":1902,"items_purged":["Strike_R","Defend_R"],"score":1208,"play_id":"2a089419-99d3-49e7-a33b-c2d54263b579","local_time":"20200217003626","is_ascension_mode":true,"campfire_choices":[{"data":"Searing Blow","floor":6.0,"key":"SMITH"},{"data":"Searing Blow+1","floor":8.0,"key":"SMITH"},{"data":"Searing Blow+2","floor":12.0,"key":"SMITH"},{"data":"Searing Blow+3","floor":15.0,"key":"SMITH"},{"data":"Searing Blow+4","floor":23.0,"key":"SMITH"},{"data":"Searing Blow+5","floor":28.0,"key":"SMITH"},{"data":"Searing Blow+6","floor":30.0,"key":"SMITH"},{"data":"Searing Blow+7","floor":32.0,"key":"SMITH"},{"data":"Searing Blow+8","floor":40.0,"key":"SMITH"},{"data":"Searing Blow+10","floor":45.0,"key":"SMITH"},{"data":"Searing Blow+11","floor":47.0,"key":"SMITH"},{"data":"Searing Blow+12","floor":49.0,"key":"SMITH"}],"neow_cost":"NONE","seed_source_timestamp":0,"circlet_count":0,"master_deck":["AscendersBane","Strike_R","Strike_R","Strike_R+1","Defend_R+1","Defend_R","Bash","Searing Blow+13","Shrug It Off","Flame Barrier+1","Flame Barrier","Entrench"],"special_seed":0,"relics":["Burning Blood","Boot","Nunchaku","Snecko Eye","Tiny Chest","Philosopher\u0027s Stone","Membership Card","War Paint","Happy Flower","Whetstone","Molten Egg 2","Centennial Puzzle","Bronze Scales"],"potions_floor_usage":[50,50],"damage_taken":[{"damage":1.0,"enemies":"Cultist","floor":1.0,"turns":3.0},{"damage":0.0,"enemies":"Small Slimes","floor":2.0,"turns":4.0},{"damage":0.0,"enemies":"2 Louse","floor":3.0,"turns":3.0},{"damage":30.0,"enemies":"Exordium Thugs","floor":5.0,"turns":7.0},{"damage":29.0,"enemies":"3 Sentries","floor":7.0,"turns":10.0},{"damage":18.0,"enemies":"Red Slaver","floor":10.0,"turns":6.0},{"damage":7.0,"enemies":"Exordium Wildlife","floor":13.0,"turns":6.0},{"damage":1.0,"enemies":"3 Louse","floor":14.0,"turns":4.0},{"damage":31.0,"enemies":"The Guardian","floor":16.0,"turns":14.0},{"damage":18.0,"enemies":"3 Byrds","floor":18.0,"turns":4.0},{"damage":2.0,"enemies":"Chosen","floor":20.0,"turns":3.0},{"damage":25.0,"enemies":"Centurion and Healer","floor":22.0,"turns":6.0},{"damage":8.0,"enemies":"Shelled Parasite and Fungi","floor":24.0,"turns":4.0},{"damage":0.0,"enemies":"Snecko","floor":25.0,"turns":3.0},{"damage":0.0,"enemies":"Snake Plant","floor":27.0,"turns":1.0},{"damage":4.0,"enemies":"Centurion and Healer","floor":29.0,"turns":2.0},{"damage":15.0,"enemies":"Champ","floor":33.0,"turns":5.0},{"damage":27.0,"enemies":"3 Darklings","floor":35.0,"turns":5.0},{"damage":0.0,"enemies":"Orb Walker","floor":36.0,"turns":2.0},{"damage":6.0,"enemies":"Writhing Mass","floor":38.0,"turns":4.0},{"damage":6.0,"enemies":"4 Shapes","floor":39.0,"turns":6.0},{"damage":0.0,"enemies":"Spire Growth","floor":42.0,"turns":2.0},{"damage":22.0,"enemies":"Maw","floor":44.0,"turns":3.0},{"damage":10.0,"enemies":"Reptomancer","floor":46.0,"turns":2.0},{"damage":0.0,"enemies":"Giant Head","floor":48.0,"turns":5.0},{"damage":58,"enemies":"Awakened One","floor":50,"turns":10}],"seed_played":"4241254461404271931","potions_obtained":[{"floor":3.0,"key":"Strength Potion"},{"floor":5.0,"key":"BlessingOfTheForge"},{"floor":13.0,"key":"Block Potion"},{"floor":16.0,"key":"EssenceOfSteel"},{"floor":18.0,"key":"Dexterity Potion"},{"floor":22.0,"key":"GamblersBrew"},{"floor":24.0,"key":"Regen Potion"},{"floor":31.0,"key":"BlessingOfTheForge"},{"floor":35.0,"key":"Block Potion"},{"floor":42.0,"key":"CultistPotion"},{"floor":44.0,"key":"Swift Potion"}],"is_trial":false,"path_per_floor":["M","M","M","?","M","R","E","R","T","M","$","R","M","M","R","B",null,"M","$","M","?","M","R","M","M","T","M","R","M","R","?","R","B",null,"M","M","$","M","M","R","T","M","T","M","R","E","R","E","R","B",null],"character_chosen":"IRONCLAD","items_purchased":["Membership Card","War Paint","Flame Barrier","Happy Flower","Entrench"],"campfire_rested":0,"item_purchase_floors":[37,37,37,37,37],"current_hp_per_floor":[85,88,88,88,64,64,41,41,41,29,29,29,28,33,33,8,68,56,56,60,60,41,41,39,45,45,51,51,53,53,53,53,44,77,56,62,62,62,62,62,62,68,68,52,52,48,48,54,54,17],"gold":233,"neow_bonus":"TEN_PERCENT_HP_BONUS","is_prod":false,"is_daily":false,"chose_seed":false,"campfire_upgraded":12,"win_rate":0,"timestamp":1581881786,"path_taken":["M","M","M","?","M","R","E","R","T","M","$","R","M","?","R","BOSS","M","$","M","?","M","R","M","M","T","M","R","M","R","?","R","BOSS","M","M","$","?","M","R","?","M","T","M","R","E","R","E","R","BOSS"],"build_version":"2020-01-14","purchased_purges":2,"victory":true,"max_hp_per_floor":[88,88,88,88,88,88,88,88,88,88,88,88,88,88,88,88,88,88,88,88,88,88,88,88,88,88,88,88,88,88,88,88,88,88,88,88,88,88,88,88,88,88,88,88,88,88,88,88,88,88],"card_choices":[{"not_picked":["Pommel Strike","Headbutt"],"picked":"Searing Blow","floor":1.0},{"not_picked":["Clash","Iron Wave"],"picked":"Shrug It Off","floor":2.0},{"not_picked":["Rampage","Sword Boomerang","Burning Pact"],"picked":"SKIP","floor":3.0},{"not_picked":["Blood for Blood","Searing Blow","Flex"],"picked":"SKIP","floor":5.0},{"not_picked":["Clash","Feel No Pain"],"picked":"Flame Barrier","floor":7.0},{"not_picked":["Anger","Reaper","Evolve"],"picked":"SKIP","floor":10.0},{"not_picked":["Thunderclap","Dropkick","Reckless Charge"],"picked":"SKIP","floor":13.0},{"not_picked":["Power Through","Thunderclap","Pommel Strike"],"picked":"SKIP","floor":14.0},{"not_picked":["Twin Strike","Rampage","Power Through+1"],"picked":"SKIP","floor":18.0},{"not_picked":["Heavy Blade","Combust","Thunderclap"],"picked":"SKIP","floor":20.0},{"not_picked":["Pummel","Dark Embrace","True Grit"],"picked":"SKIP","floor":22.0},{"not_picked":["Thunderclap+1","Hemokinesis+1","Intimidate"],"picked":"SKIP","floor":24.0},{"not_picked":["Iron Wave","Anger+1","Body Slam"],"picked":"SKIP","floor":25.0},{"not_picked":["Reckless Charge","Limit Break","Sword Boomerang"],"picked":"SKIP","floor":27.0},{"not_picked":["Hemokinesis","True Grit+1","Wild Strike"],"picked":"SKIP","floor":29.0},{"not_picked":["Rage+1","Intimidate+1","Warcry+1"],"picked":"SKIP","floor":35.0},{"not_picked":["Perfected Strike+1","Iron Wave+1","Infernal Blade+1"],"picked":"SKIP","floor":36.0},{"not_picked":["Clothesline","Havoc+1","True Grit+1"],"picked":"SKIP","floor":38.0},{"not_picked":["Inflame+1","Pommel Strike","Power Through"],"picked":"SKIP","floor":39.0},{"not_picked":["Anger+1","Shrug It Off+1","Rupture+1"],"picked":"SKIP","floor":42.0},{"not_picked":["Wild Strike+1","Whirlwind+1","Bloodletting"],"picked":"SKIP","floor":44.0},{"not_picked":["Heavy Blade+1","Corruption","Sentinel+1"],"picked":"SKIP","floor":46.0},{"not_picked":["Heavy Blade+1","Dropkick+1","Disarm+1"],"picked":"SKIP","floor":48.0}],"player_experience":288453,"relics_obtained":[{"floor":7.0,"key":"Boot"},{"floor":9.0,"key":"Nunchaku"},{"floor":26.0,"key":"Tiny Chest"},{"floor":41.0,"key":"Whetstone"},{"floor":43.0,"key":"Molten Egg 2"},{"floor":46.0,"key":"Centennial Puzzle"},{"floor":48.0,"key":"Bronze Scales"}],"event_choices":[{"cards_removed":["Strike_R"],"damage_healed":0.0,"max_hp_gain":0.0,"max_hp_loss":0.0,"gold_gain":0.0,"event_name":"Purifier","player_choice":"Purged","floor":4.0,"gold_loss":0.0,"damage_taken":0.0},{"cards_removed":["Defend_R"],"damage_healed":0.0,"max_hp_gain":0.0,"max_hp_loss":0.0,"gold_gain":0.0,"event_name":"Beggar","player_choice":"Gave Gold","floor":21.0,"gold_loss":75.0,"damage_taken":0.0},{"damage_healed":0.0,"max_hp_gain":0.0,"max_hp_loss":0.0,"gold_gain":0.0,"event_name":"Lab","player_choice":"Got Potions","floor":31.0,"gold_loss":0.0,"damage_taken":0.0}],"is_beta":false,"boss_relics":[{"not_picked":["Velvet Choker","Mark of Pain"],"picked":"Snecko Eye"},{"not_picked":["Runic Cube","Pandora\u0027s Box"],"picked":"Philosopher\u0027s Stone"}],"items_purged_floors":[11,37],"is_endless":false,"potions_floor_spawned":[3,5,13,16,18,22,24,29,35,42,44,48],"ascension_level":11}