{"gold_per_floor":[115,115,115,115,134,134,165,14,41,41,41,41,52,66,66,168,168,187,187,187,204,204,204],"floor_reached":23,"playtime":530,"items_purged":[],"score":329,"play_id":"2f07cc77-6dc3-4501-b15b-acb967827247","local_time":"20200215171848","is_ascension_mode":true,"campfire_choices":[{"data":"Shrug It Off","floor":6.0,"key":"SMITH"},{"data":"Bash","floor":12.0,"key":"SMITH"},{"data":"Headbutt","floor":15.0,"key":"SMITH"}],"neow_cost":"NONE","seed_source_timestamp":7762528753800,"circlet_count":0,"master_deck":["AscendersBane","Strike_R+1","Strike_R","Strike_R","Strike_R+1","Defend_R","Defend_R","Defend_R","Bash+1","Shrug It Off+1","Clash","Headbutt+1","Iron Wave","Clash","Corruption","Shrug It Off","Dark Embrace"],"special_seed":0,"relics":["Burning Blood","NeowsBlessing","Pen Nib","Juzu Bracelet","Potion Belt","Black Star","Molten Egg 2","Enchiridion"],"potions_floor_usage":[23,23,23],"damage_taken":[{"damage":0.0,"enemies":"Jaw Worm","floor":1.0,"turns":1.0},{"damage":0.0,"enemies":"2 Louse","floor":5.0,"turns":1.0},{"damage":0.0,"enemies":"3 Sentries","floor":7.0,"turns":2.0},{"damage":0.0,"enemies":"Cultist","floor":13.0,"turns":3.0},{"damage":0.0,"enemies":"Large Slime","floor":14.0,"turns":2.0},{"damage":67.0,"enemies":"The Guardian","floor":16.0,"turns":8.0},{"damage":16.0,"enemies":"3 Byrds","floor":18.0,"turns":5.0},{"damage":6.0,"enemies":"Shell Parasite","floor":21.0,"turns":5.0},{"damage":40,"enemies":"Gremlin Leader","floor":23,"turns":6}],"seed_played":"-6888879776132402382","potions_obtained":[{"floor":13.0,"key":"DistilledChaos"},{"floor":14.0,"key":"DuplicationPotion"},{"floor":18.0,"key":"FearPotion"},{"floor":21.0,"key":"Explosive Potion"}],"is_trial":false,"path_per_floor":["M","?","?","?","M","R","E","$","T","?","?","R","M","M","R","B",null,"M","?","?","M","?","E"],"character_chosen":"IRONCLAD","items_purchased":["Juzu Bracelet"],"campfire_rested":0,"item_purchase_floors":[8],"current_hp_per_floor":[78,71,55,55,61,61,67,67,67,67,67,67,73,79,79,18,65,55,55,55,55,39,0],"gold":204,"neow_bonus":"THREE_ENEMY_KILL","is_prod":false,"is_daily":false,"chose_seed":false,"campfire_upgraded":3,"win_rate":0,"timestamp":1581769128,"path_taken":["M","?","?","?","M","R","E","$","T","?","?","R","M","M","R","BOSS","M","?","?","M","?","E"],"build_version":"2020-01-14","purchased_purges":0,"victory":false,"max_hp_per_floor":[80,80,80,80,80,80,80,80,80,80,80,80,80,80,80,80,80,80,80,80,80,80,80],"card_choices":[{"not_picked":["Clash","Burning Pact"],"picked":"Shrug It Off","floor":1.0},{"not_picked":["Twin Strike","Pommel Strike"],"picked":"Clash","floor":5.0},{"not_picked":["Havoc","Armaments"],"picked":"Headbutt","floor":7.0},{"not_picked":["Metallicize","Havoc"],"picked":"Iron Wave","floor":13.0},{"not_picked":["Reckless Charge","Bloodletting"],"picked":"Clash","floor":14.0},{"not_picked":["Impervious","Exhume"],"picked":"Corruption","floor":16.0},{"not_picked":["Shockwave","Cleave+1"],"picked":"Shrug It Off","floor":18.0},{"not_picked":["True Grit","Anger+1","Iron Wave+1"],"picked":"SKIP","floor":21.0}],"player_experience":277868,"relics_obtained":[{"floor":7.0,"key":"Pen Nib"},{"floor":22.0,"key":"Enchiridion"}],"event_choices":[{"cards_removed":["Defend_R"],"damage_healed":0.0,"max_hp_gain":0.0,"max_hp_loss":0.0,"gold_gain":0.0,"event_name":"Golden Wing","player_choice":"Card Removal","floor":2.0,"gold_loss":0.0,"damage_taken":7.0},{"damage_healed":0.0,"max_hp_gain":0.0,"max_hp_loss":0.0,"gold_gain":0.0,"event_name":"Shining Light","player_choice":"Entered Light","floor":3.0,"gold_loss":0.0,"damage_taken":16.0,"cards_upgraded":["Strike_R","Strike_R"]},{"cards_removed":["Strike_R"],"damage_healed":0.0,"max_hp_gain":0.0,"max_hp_loss":0.0,"gold_gain":0.0,"event_name":"Bonfire Elementals","player_choice":"Offered Basic","floor":4.0,"gold_loss":0.0,"damage_taken":0.0},{"damage_healed":0.0,"max_hp_gain":0.0,"max_hp_loss":0.0,"gold_gain":0.0,"event_name":"Dead Adventurer","player_choice":"Searched \u00272\u0027 times","floor":10.0,"gold_loss":0.0,"damage_taken":0.0,"relics_obtained":["Potion Belt"]},{"damage_healed":0.0,"max_hp_gain":0.0,"max_hp_loss":0.0,"gold_gain":0.0,"event_name":"The Cleric","player_choice":"Leave","floor":11.0,"gold_loss":0.0,"damage_taken":0.0},{"damage_healed":0.0,"max_hp_gain":0.0,"max_hp_loss":0.0,"gold_gain":0.0,"event_name":"The Library","player_choice":"Read","floor":19.0,"gold_loss":0.0,"damage_taken":0.0,"cards_obtained":["Dark Embrace"]},{"damage_healed":0.0,"max_hp_gain":0.0,"max_hp_loss":0.0,"gold_gain":0.0,"event_name":"The Mausoleum","player_choice":"Opened","floor":20.0,"gold_loss":0.0,"damage_taken":0.0,"relics_obtained":["Molten Egg 2"]},{"damage_healed":0.0,"max_hp_gain":0.0,"max_hp_loss":0.0,"gold_gain":0.0,"event_name":"Cursed Tome","player_choice":"Obtained Book","floor":22.0,"gold_loss":0.0,"damage_taken":16.0}],"is_beta":false,"boss_relics":[{"not_picked":["Cursed Key","Black Blood"],"picked":"Black Star"}],"items_purged_floors":[],"is_endless":false,"potions_floor_spawned":[13,14,18,21],"killed_by":"Gremlin Leader","ascension_level":11}