{"gold_per_floor":[113,131,151,165,178,178,209,209,232,250,250,261,290,290,290,394,394,413,413],"floor_reached":19,"playtime":668,"items_purged":[],"score":309,"play_id":"485f9de9-9e9e-4987-a18f-b13857a66d48","local_time":"20200212203103","is_ascension_mode":true,"campfire_choices":[{"data":"Double Tap","floor":6.0,"key":"SMITH"},{"data":"Heavy Blade","floor":8.0,"key":"SMITH"},{"data":"Inflame","floor":11.0,"key":"SMITH"},{"data":"Entrench","floor":15.0,"key":"SMITH"}],"neow_cost":"TEN_PERCENT_HP_LOSS","seed_source_timestamp":25354759537600,"circlet_count":0,"master_deck":["AscendersBane","Strike_R","Strike_R","Strike_R+1","Strike_R","Strike_R","Defend_R","Defend_R","Defend_R","Defend_R","Bash+1","Inflame+1","Thunderclap","Pummel","Heavy Blade+1","Double Tap+1","Barricade","Metallicize","Entrench+1","Entrench","Corruption","Evolve"],"special_seed":0,"relics":["Burning Blood","Champion Belt","Lizard Tail","Dream Catcher","Tiny Chest","Runic Pyramid"],"potions_floor_usage":[],"damage_taken":[{"damage":6.0,"enemies":"Cultist","floor":1.0,"turns":4.0},{"damage":7.0,"enemies":"2 Louse","floor":2.0,"turns":3.0},{"damage":0.0,"enemies":"Small Slimes","floor":3.0,"turns":3.0},{"damage":11.0,"enemies":"Exordium Wildlife","floor":4.0,"turns":4.0},{"damage":7.0,"enemies":"Looter","floor":5.0,"turns":3.0},{"damage":24.0,"enemies":"3 Sentries","floor":7.0,"turns":7.0},{"damage":3.0,"enemies":"Large Slime","floor":10.0,"turns":5.0},{"damage":10.0,"enemies":"Lots of Slimes","floor":12.0,"turns":3.0},{"damage":0.0,"enemies":"Lagavulin","floor":13.0,"turns":7.0},{"damage":18.0,"enemies":"Hexaghost","floor":16.0,"turns":9.0},{"damage":34,"enemies":"Spheric Guardian","floor":18,"turns":6},{"damage":9,"enemies":"Shell Parasite","floor":19,"turns":2}],"seed_played":"-7532848966894445428","potions_obtained":[{"floor":2.0,"key":"LiquidMemories"},{"floor":3.0,"key":"GamblersBrew"},{"floor":7.0,"key":"LiquidMemories"},{"floor":10.0,"key":"SteroidPotion"},{"floor":18,"key":"SpeedPotion"}],"is_trial":false,"path_per_floor":["M","M","M","M","M","R","E","R","T","M","R","M","E","?","R","B",null,"M","M"],"character_chosen":"IRONCLAD","items_purchased":[],"campfire_rested":0,"item_purchase_floors":[],"current_hp_per_floor":[72,71,72,67,66,66,48,48,48,51,51,47,53,39,39,27,61,33,24],"gold":413,"neow_bonus":"ONE_RARE_RELIC","is_prod":false,"is_daily":false,"chose_seed":false,"campfire_upgraded":4,"win_rate":0,"timestamp":1581521463,"path_taken":["M","M","M","M","M","R","E","R","T","M","R","M","E","?","R","BOSS","M","M"],"build_version":"2020-01-14","purchased_purges":0,"victory":false,"max_hp_per_floor":[72,72,72,72,72,72,72,72,72,72,72,72,72,72,72,72,72,72,72],"card_choices":[{"not_picked":["Shrug It Off","Clash"],"picked":"Inflame","floor":1.0},{"not_picked":["Clothesline","True Grit"],"picked":"Thunderclap","floor":2.0},{"not_picked":["Warcry","Iron Wave"],"picked":"Pummel","floor":3.0},{"not_picked":["Sword Boomerang","Rupture"],"picked":"Heavy Blade","floor":4.0},{"not_picked":["Armaments","Iron Wave"],"picked":"Double Tap","floor":5.0},{"not_picked":["Entrench","Searing Blow"],"picked":"Barricade","floor":7.0},{"not_picked":["Clash","Body Slam"],"picked":"Metallicize","floor":10.0},{"not_picked":["Evolve","Dual Wield"],"picked":"Entrench","floor":12.0},{"not_picked":["Heavy Blade","Feel No Pain"],"picked":"Entrench","floor":13.0},{"not_picked":["Demon Form","Double Tap"],"picked":"Corruption","floor":16.0},{"not_picked":["Iron Wave","Anger"],"picked":"Evolve","floor":18}],"player_experience":270235,"relics_obtained":[{"floor":7.0,"key":"Lizard Tail"},{"floor":9.0,"key":"Dream Catcher"},{"floor":13.0,"key":"Tiny Chest"}],"event_choices":[{"damage_healed":0.0,"max_hp_gain":0.0,"max_hp_loss":0.0,"gold_gain":0.0,"event_name":"Shining Light","player_choice":"Entered Light","floor":14.0,"gold_loss":0.0,"damage_taken":14.0,"cards_upgraded":["Strike_R","Bash"]}],"is_beta":false,"boss_relics":[{"not_picked":["Runic Dome","Fusion Hammer"],"picked":"Runic Pyramid"}],"items_purged_floors":[],"is_endless":false,"potions_floor_spawned":[2,3,7,10,18],"killed_by":"Shell Parasite","ascension_level":10}