{"gold_per_floor":[364,382,395,395,395,395,426,426,452,470,486,486,486,160,160,255,255,274,123,136,151,3,3,20,20,20,31,63,74,109,126,126,224,224,244,1243,1262,1272,1272,1272,1272,1299,1299,1316,1333,643,643,643,643,643],"floor_reached":51,"playtime":2345,"items_purged":["Strike_R","Defend_R"],"score":1116,"play_id":"ca08cbd4-76dc-4e57-9fc0-1e0ca08b057f","local_time":"20200214222034","is_ascension_mode":true,"campfire_choices":[{"data":"Body Slam","floor":6.0,"key":"SMITH"},{"data":"Shrug It Off","floor":12.0,"key":"SMITH"},{"data":"Bash","floor":15.0,"key":"SMITH"},{"data":"Iron Wave","floor":23,"key":"SMITH"},{"data":"Shrug It Off","floor":25,"key":"SMITH"},{"data":"Battle Trance","floor":32,"key":"SMITH"},{"data":"Iron Wave","floor":40,"key":"SMITH"},{"data":"Battle Trance","floor":49,"key":"SMITH"}],"neow_cost":"TEN_PERCENT_HP_LOSS","seed_source_timestamp":8873143102100,"circlet_count":0,"master_deck":["AscendersBane","Defend_R","Defend_R+1","Defend_R+1","Bash+1","Body Slam+1","Iron Wave+1","Shrug It Off+1","Headbutt","Battle Trance+1","Body Slam+1","Iron Wave+1","Metallicize+1","Shrug It Off+1","Metallicize+1","Berserk+1","Limit Break+1","Power Through+1","Metallicize+1","Body Slam+1","Inflame+1","Seeing Red+1","Battle Trance+1","Evolve+1"],"special_seed":0,"relics":["Black Blood","Frozen Egg 2","Strawberry","Bronze Scales","Vajra","Omamori","Bottled Lightning","DollysMirror","War Paint","Pocketwatch","Lantern","Mercury Hourglass","Astrolabe","Nunchaku","StrikeDummy","Cauldron","Akabeko","MealTicket","Pen Nib"],"potions_floor_usage":[16,16,30,30,33,42,49,50],"damage_taken":[{"damage":11.0,"enemies":"Cultist","floor":1.0,"turns":4.0},{"damage":3.0,"enemies":"Jaw Worm","floor":2.0,"turns":4.0},{"damage":6.0,"enemies":"2 Louse","floor":3.0,"turns":4.0},{"damage":45.0,"enemies":"3 Sentries","floor":7.0,"turns":13.0},{"damage":4.0,"enemies":"2 Fungi Beasts","floor":10.0,"turns":4.0},{"damage":0.0,"enemies":"Large Slime","floor":11.0,"turns":6.0},{"damage":8,"enemies":"The Guardian","floor":16,"turns":11},{"damage":0,"enemies":"Shell Parasite","floor":18,"turns":6},{"damage":1,"enemies":"3 Byrds","floor":20,"turns":4},{"damage":12,"enemies":"Snake Plant","floor":21,"turns":3},{"damage":11,"enemies":"Centurion and Healer","floor":24,"turns":6},{"damage":16,"enemies":"Shelled Parasite and Fungi","floor":27,"turns":6},{"damage":15,"enemies":"Slavers","floor":28,"turns":7},{"damage":0,"enemies":"Snecko","floor":29,"turns":3},{"damage":7,"enemies":"Gremlin Leader","floor":30,"turns":5},{"damage":0,"enemies":"3 Cultists","floor":31,"turns":5},{"damage":62,"enemies":"Champ","floor":33,"turns":10},{"damage":12,"enemies":"3 Darklings","floor":35,"turns":6},{"damage":1,"enemies":"Orb Walker","floor":37,"turns":4},{"damage":20,"enemies":"Spire Growth","floor":38,"turns":7},{"damage":29,"enemies":"Giant Head","floor":42,"turns":8},{"damage":12,"enemies":"Maw","floor":44,"turns":6},{"damage":1,"enemies":"Transient","floor":45,"turns":5},{"damage":13,"enemies":"Donu and Deca","floor":50,"turns":8}],"seed_played":"-6196077865253691073","potions_obtained":[{"floor":2.0,"key":"Weak Potion"},{"floor":7.0,"key":"SmokeBomb"},{"floor":10.0,"key":"BlessingOfTheForge"},{"floor":18,"key":"EntropicBrew"},{"floor":20,"key":"Regen Potion"},{"floor":24,"key":"Dexterity Potion"},{"floor":27,"key":"PowerPotion"},{"floor":31,"key":"CultistPotion"},{"floor":35,"key":"Dexterity Potion"},{"floor":38,"key":"LiquidMemories"},{"floor":42,"key":"SpeedPotion"},{"floor":46,"key":"EntropicBrew"}],"is_trial":false,"path_per_floor":["M","M","M","?","?","R","E","T","T","M","M","R","T","$","R","B",null,"M","$","M","M","$","R","M","R","T","M","E","M","E","M","R","B",null,"M","?","M","M","?","R","?","E","T","M","M","$","?","T","R","B",null],"character_chosen":"IRONCLAD","items_purchased":["Bottled Lightning","DollysMirror","War Paint","Evolve+1","EntropicBrew","Cauldron","Akabeko","MealTicket"],"campfire_rested":0,"item_purchase_floors":[14,19,22,46,46,46,46,46],"current_hp_per_floor":[67,70,70,63,51,51,19,19,19,21,27,27,27,27,27,25,66,78,78,79,79,79,79,79,79,79,75,72,79,79,79,79,29,67,67,67,78,70,70,70,70,53,53,53,64,64,64,64,64,63],"gold":643,"neow_bonus":"TWO_FIFTY_GOLD","is_prod":false,"is_daily":false,"chose_seed":false,"campfire_upgraded":8,"win_rate":0,"timestamp":1581700834,"path_taken":["M","M","M","?","?","R","E","?","T","M","M","R","?","$","R","BOSS","M","$","M","M","$","R","M","R","T","M","E","M","E","M","R","BOSS","M","?","M","M","?","R","?","E","T","M","M","$","?","?","R","BOSS"],"build_version":"2020-01-14","purchased_purges":2,"victory":true,"max_hp_per_floor":[72,72,72,72,72,72,79,79,79,79,79,79,79,79,79,79,79,79,79,79,79,79,79,79,79,79,79,79,79,79,79,79,79,79,79,79,79,79,75,75,75,75,75,75,75,75,75,75,75,75],"card_choices":[{"not_picked":["Warcry","Thunderclap"],"picked":"Body Slam","floor":1.0},{"not_picked":["Sever Soul","Cleave","Clothesline"],"picked":"SKIP","floor":2.0},{"not_picked":["Reckless Charge","Sentinel"],"picked":"Iron Wave","floor":3.0},{"not_picked":["Bludgeon","True Grit"],"picked":"Shrug It Off","floor":7.0},{"not_picked":["True Grit","Blood for Blood"],"picked":"Headbutt","floor":10.0},{"not_picked":["Sentinel","Headbutt"],"picked":"Battle Trance","floor":11.0},{"not_picked":["Sever Soul+1","Wild Strike+1","Cleave+1"],"picked":"SKIP","floor":18},{"not_picked":["Clash","Ghostly Armor"],"picked":"Iron Wave","floor":20},{"not_picked":["Whirlwind","Burning Pact"],"picked":"Metallicize+1","floor":21},{"not_picked":["Clash+1","Cleave"],"picked":"Shrug It Off","floor":24},{"not_picked":["Sword Boomerang","Corruption+1"],"picked":"Metallicize+1","floor":27},{"not_picked":["Wild Strike","Thunderclap+1","Clash"],"picked":"SKIP","floor":28},{"not_picked":["Cleave","Ghostly Armor","Clash"],"picked":"SKIP","floor":29},{"not_picked":["Blood for Blood","Reckless Charge","Pommel Strike"],"picked":"SKIP","floor":30},{"not_picked":["Corruption+1","Clothesline","Rampage"],"picked":"SKIP","floor":31},{"not_picked":["Immolate","Reaper"],"picked":"Berserk+1","floor":33},{"not_picked":["Havoc+1","Headbutt","Flex"],"picked":"SKIP","floor":35},{"not_picked":["Cleave","Heavy Blade"],"picked":"Body Slam+1","floor":37},{"not_picked":["Shrug It Off+1","Blood for Blood"],"picked":"Inflame+1","floor":38},{"not_picked":["Wild Strike+1","Pommel Strike"],"picked":"Seeing Red+1","floor":42},{"not_picked":["Body Slam","Havoc+1"],"picked":"Battle Trance","floor":44},{"not_picked":["Headbutt","Berserk+1","Pommel Strike+1"],"picked":"SKIP","floor":45}],"player_experience":271386,"relics_obtained":[{"floor":7.0,"key":"Strawberry"},{"floor":8.0,"key":"Bronze Scales"},{"floor":9.0,"key":"Vajra"},{"floor":13.0,"key":"Omamori"},{"floor":26,"key":"Pocketwatch"},{"floor":28,"key":"Lantern"},{"floor":30,"key":"Mercury Hourglass"},{"floor":42,"key":"Nunchaku"},{"floor":43,"key":"StrikeDummy"},{"floor":48,"key":"Pen Nib"}],"event_choices":[{"cards_removed":["Strike_R"],"damage_healed":0.0,"max_hp_gain":0.0,"max_hp_loss":0.0,"gold_gain":0.0,"event_name":"Golden Wing","player_choice":"Card Removal","floor":4.0,"gold_loss":0.0,"damage_taken":7.0},{"damage_healed":0.0,"max_hp_gain":0.0,"max_hp_loss":0.0,"gold_gain":0.0,"event_name":"Scrap Ooze","player_choice":"Success","floor":5.0,"gold_loss":0.0,"damage_taken":12.0,"relics_obtained":["Frozen Egg 2"]},{"damage_healed":0,"gold_gain":999,"player_choice":"Gold","damage_taken":0,"max_hp_gain":0,"max_hp_loss":0,"event_name":"MindBloom","floor":36,"gold_loss":0,"cards_obtained":["Normality","Normality"]},{"damage_healed":0,"gold_gain":0,"player_choice":"Max HP","damage_taken":0,"max_hp_gain":0,"max_hp_loss":4,"event_name":"Winding Halls","floor":39,"gold_loss":0},{"damage_healed":0,"gold_gain":0,"player_choice":"Ignored","damage_taken":0,"max_hp_gain":0,"max_hp_loss":0,"event_name":"Tomb of Lord Red Mask","floor":41,"gold_loss":0},{"damage_healed":0,"gold_gain":0,"player_choice":"Ignored","damage_taken":0,"max_hp_gain":0,"max_hp_loss":0,"event_name":"Mysterious Sphere","floor":47,"gold_loss":0}],"is_beta":false,"boss_relics":[{"not_picked":["Snecko Eye","SlaversCollar"],"picked":"Black Blood"},{"not_picked":["Tiny House","Mark of Pain"],"picked":"Astrolabe"}],"items_purged_floors":[14,46],"is_endless":false,"potions_floor_spawned":[2,7,10,18,20,24,27,31,35,38,42],"ascension_level":10}