{"gold_per_floor":[117,135,135,147,147,147,182,182,182,182,201,276,314,337,337,468,468,488,511,511,555,575,575,589,589,589,589,17,52,85,94,94,232,232,262,262,292,292,315,362,378,119,119,119,155,173,201,245,245,245],"floor_reached":50,"playtime":2036,"items_purged":["Bash"],"score":1090,"play_id":"e2252e69-cf5b-4795-9f6b-81f3afa867ef","local_time":"20200214232225","is_ascension_mode":true,"campfire_choices":[{"data":"Uppercut","floor":6.0,"key":"SMITH"},{"data":"Flex","floor":15,"key":"SMITH"},{"floor":23,"key":"REST"},{"data":"Sword Boomerang","floor":25,"key":"SMITH"},{"data":"Offering","floor":27,"key":"SMITH"},{"data":"Heavy Blade","floor":32,"key":"SMITH"},{"data":"Double Tap","floor":44,"key":"SMITH"},{"data":"Disarm","floor":49,"key":"SMITH"}],"neow_cost":"PERCENT_DAMAGE","seed_source_timestamp":12965601931400,"circlet_count":0,"master_deck":["AscendersBane","Strike_R+1","Strike_R+1","Strike_R+1","Defend_R+1","Defend_R+1","Defend_R+1","Flame Barrier","Uppercut+1","Shrug It Off","Battle Trance+1","Twin Strike+1","Flex+1","Sword Boomerang+1","Offering+1","Rampage+1","Corruption+1","Spot Weakness","Feel No Pain+1","Havoc+1","Heavy Blade+1","Entrench","Power Through","Exhume","Entrench","Flex+1","Disarm+1","Double Tap+1","Ghostly Armor+1","Heavy Blade+1"],"special_seed":0,"relics":["Burning Blood","Turnip","Golden Idol","Toy Ornithopter","War Paint","Meat on the Bone","Dream Catcher","Astrolabe","Red Mask","Bottled Tornado","PreservedInsect","Sling","Pen Nib","CeramicFish","Black Star","Anchor","Orichalcum","Bottled Lightning","Gremlin Horn","Centennial Puzzle","Singing Bowl","Whetstone","HornCleat"],"potions_floor_usage":[7,19,33,33,33,33,50,50,50,50],"damage_taken":[{"damage":4.0,"enemies":"2 Louse","floor":1.0,"turns":5.0},{"damage":8.0,"enemies":"Small Slimes","floor":2.0,"turns":5.0},{"damage":2.0,"enemies":"Jaw Worm","floor":4.0,"turns":3.0},{"damage":17,"enemies":"3 Sentries","floor":7,"turns":8},{"damage":4,"enemies":"2 Fungi Beasts","floor":11,"turns":3},{"damage":24,"enemies":"Lagavulin","floor":13,"turns":10},{"damage":4,"enemies":"Blue Slaver","floor":14,"turns":4},{"damage":21,"enemies":"The Guardian","floor":16,"turns":13},{"damage":9,"enemies":"Chosen","floor":18,"turns":4},{"damage":17,"enemies":"2 Thieves","floor":19,"turns":4},{"damage":40,"enemies":"Masked Bandits","floor":21,"turns":5},{"damage":30,"enemies":"Sentry and Sphere","floor":22,"turns":4},{"damage":12,"enemies":"Shelled Parasite and Fungi","floor":24,"turns":5},{"damage":20,"enemies":"Gremlin Leader","floor":29,"turns":3},{"damage":6,"enemies":"Centurion and Healer","floor":30,"turns":4},{"damage":6,"enemies":"Collector","floor":33,"turns":5},{"damage":22,"enemies":"3 Shapes","floor":35,"turns":3},{"damage":6,"enemies":"Orb Walker","floor":37,"turns":2},{"damage":15,"enemies":"Transient","floor":39,"turns":5},{"damage":12,"enemies":"Giant Head","floor":40,"turns":6},{"damage":29,"enemies":"3 Darklings","floor":41,"turns":4},{"damage":12,"enemies":"Nemesis","floor":45,"turns":3},{"damage":6,"enemies":"Jaw Worm Horde","floor":46,"turns":4},{"damage":14,"enemies":"Writhing Mass","floor":47,"turns":6},{"damage":6,"enemies":"Reptomancer","floor":48,"turns":3},{"damage":99,"enemies":"Time Eater","floor":50,"turns":13}],"seed_played":"878986166744020197","potions_obtained":[{"floor":1.0,"key":"Fruit Juice"},{"floor":4.0,"key":"AttackPotion"},{"floor":13,"key":"SneckoOil"},{"floor":14,"key":"EntropicBrew"},{"floor":30,"key":"FearPotion"},{"floor":33,"key":"LiquidBronze"},{"floor":35,"key":"Weak Potion"},{"floor":40,"key":"FairyPotion"},{"floor":47,"key":"EntropicBrew"}],"is_trial":false,"path_per_floor":["M","M","?","M","?","R","E","?","T","?","M","?","E","M","R","B",null,"M","M","?","?","M","R","M","R","T","R","$","E","M","?","R","B",null,"M","?","M","$","M","E","M","$","T","R","E","M","M","E","R","B"],"character_chosen":"IRONCLAD","items_purchased":["PreservedInsect","Sling","Pen Nib","Heavy Blade","Bottled Lightning"],"campfire_rested":1,"item_purchase_floors":[28,28,28,28,42],"current_hp_per_floor":[58,56,84,85,79,79,68,65,65,49,51,40,34,48,48,45,71,68,62,62,40,28,51,57,57,57,57,57,55,55,55,55,75,78,62,79,79,79,70,64,53,53,53,53,49,51,55,55,55,0],"gold":245,"neow_bonus":"ONE_RARE_RELIC","is_prod":false,"is_daily":false,"chose_seed":false,"campfire_upgraded":7,"win_rate":0,"timestamp":1581704545,"path_taken":["M","M","?","M","?","R","E","?","T","?","?","?","E","M","R","BOSS","M","M","?","?","M","R","M","R","T","R","$","E","M","?","R","BOSS","M","?","M","$","?","E","M","$","T","R","E","M","M","E","R","BOSS"],"build_version":"2020-01-14","purchased_purges":1,"victory":false,"max_hp_per_floor":[85,85,85,85,79,79,79,79,79,79,79,79,79,79,79,79,79,79,79,79,79,79,79,79,79,79,79,79,79,79,79,79,79,79,79,79,79,79,79,79,79,79,79,79,81,83,83,83,83,83],"card_choices":[{"not_picked":["Second Wind","Sword Boomerang"],"picked":"Flame Barrier","floor":1.0},{"not_picked":["Shrug It Off","Dropkick"],"picked":"Uppercut","floor":2.0},{"not_picked":["Anger","Heavy Blade"],"picked":"Shrug It Off","floor":4.0},{"not_picked":["Seeing Red","Clothesline"],"picked":"Battle Trance","floor":7},{"not_picked":["Havoc","Exhume"],"picked":"Twin Strike","floor":11},{"not_picked":["Shrug It Off","Clash"],"picked":"Flex","floor":13},{"not_picked":["Thunderclap","Disarm"],"picked":"Sword Boomerang","floor":14},{"not_picked":["Immolate","Exhume"],"picked":"Offering","floor":16},{"not_picked":["Flex+1","Flame Barrier","Wild Strike+1"],"picked":"SKIP","floor":18},{"not_picked":["Sentinel","Flex","Havoc"],"picked":"SKIP","floor":19},{"not_picked":["Sword Boomerang","Clash"],"picked":"Spot Weakness","floor":21},{"not_picked":["Feel No Pain+1","Havoc","Warcry"],"picked":"SKIP","floor":22},{"not_picked":["Havoc","Warcry"],"picked":"Feel No Pain+1","floor":22},{"not_picked":["Rupture","Fire Breathing"],"picked":"Havoc+1","floor":23},{"not_picked":["Cleave","Wild Strike","Sever Soul"],"picked":"SKIP","floor":24},{"not_picked":["Thunderclap","Dual Wield","Wild Strike"],"picked":"SKIP","floor":29},{"not_picked":["Rupture+1","Twin Strike"],"picked":"Entrench","floor":30},{"not_picked":["Bludgeon","Demon Form"],"picked":"Exhume","floor":33},{"not_picked":["Clothesline","Infernal Blade"],"picked":"Entrench","floor":35},{"not_picked":["Body Slam+1","Intimidate+1"],"picked":"Flex+1","floor":37},{"not_picked":["Headbutt","Clothesline+1"],"picked":"Disarm","floor":39},{"not_picked":["Intimidate","Dropkick+1"],"picked":"Double Tap","floor":40},{"not_picked":["Iron Wave+1","Headbutt","Body Slam+1"],"picked":"SKIP","floor":41},{"not_picked":["Cleave","Flex","Second Wind"],"picked":"Singing Bowl","floor":45},{"not_picked":["Body Slam+1","Iron Wave+1","Disarm"],"picked":"Singing Bowl","floor":46},{"not_picked":["Clothesline+1","Wild Strike+1"],"picked":"Ghostly Armor+1","floor":47},{"not_picked":["Metallicize","Warcry"],"picked":"Heavy Blade+1","floor":48}],"player_experience":273731,"relics_obtained":[{"floor":7,"key":"Toy Ornithopter"},{"floor":9,"key":"Meat on the Bone"},{"floor":13,"key":"Dream Catcher"},{"floor":21,"key":"Red Mask"},{"floor":26,"key":"Bottled Tornado"},{"floor":29,"key":"CeramicFish"},{"floor":40,"key":"Anchor"},{"floor":40,"key":"Orichalcum"},{"floor":43,"key":"Gremlin Horn"},{"floor":45,"key":"Centennial Puzzle"},{"floor":45,"key":"Singing Bowl"},{"floor":48,"key":"Whetstone"},{"floor":48,"key":"HornCleat"}],"event_choices":[{"damage_healed":28.0,"max_hp_gain":0.0,"max_hp_loss":0.0,"gold_gain":0.0,"event_name":"Big Fish","player_choice":"Banana","floor":3.0,"gold_loss":0.0,"damage_taken":0.0},{"damage_healed":0.0,"max_hp_gain":0.0,"max_hp_loss":6.0,"gold_gain":0.0,"event_name":"Golden Idol","player_choice":"Lose Max HP","floor":5.0,"gold_loss":0.0,"damage_taken":0.0,"relics_obtained":["Golden Idol"]},{"damage_healed":0,"gold_gain":0,"player_choice":"Success","damage_taken":3,"relics_obtained":["War Paint"],"max_hp_gain":0,"max_hp_loss":0,"event_name":"Scrap Ooze","floor":8,"gold_loss":0},{"damage_healed":0,"gold_gain":0,"player_choice":"Entered Light","damage_taken":16,"max_hp_gain":0,"max_hp_loss":0,"event_name":"Shining Light","floor":10,"gold_loss":0,"cards_upgraded":["Strike_R","Strike_R"]},{"damage_healed":0,"gold_gain":75,"player_choice":"Gather Gold","damage_taken":11,"max_hp_gain":0,"max_hp_loss":0,"event_name":"World of Goop","floor":12,"gold_loss":0},{"damage_healed":0,"gold_gain":0,"player_choice":"Simplicity","damage_taken":0,"max_hp_gain":0,"max_hp_loss":0,"event_name":"Back to Basics","floor":20,"gold_loss":0,"cards_upgraded":["Strike_R","Defend_R","Defend_R"]},{"damage_healed":0,"gold_gain":0,"player_choice":"Fought Bandits","damage_taken":0,"max_hp_gain":0,"max_hp_loss":0,"event_name":"Masked Bandits","floor":21,"gold_loss":0},{"damage_healed":0,"gold_gain":0,"player_choice":"Read","damage_taken":0,"max_hp_gain":0,"max_hp_loss":0,"event_name":"The Library","floor":31,"gold_loss":0,"cards_obtained":["Power Through"]},{"cards_removed":["Blood for Blood"],"damage_healed":17,"gold_gain":0,"player_choice":"Offered Uncommon","damage_taken":0,"max_hp_gain":0,"max_hp_loss":0,"event_name":"Bonfire Elementals","floor":36,"gold_loss":0}],"is_beta":false,"boss_relics":[{"not_picked":["Busted Crown","Runic Dome"],"picked":"Astrolabe"},{"not_picked":["Fusion Hammer","Cursed Key"],"picked":"Black Star"}],"items_purged_floors":[28],"is_endless":false,"potions_floor_spawned":[1,4,13,14,18,30,33,35,40,47,48],"killed_by":"Time Eater","ascension_level":11}