{"gold_per_floor":[14,14,29,49,49,83,83,117,117,117,129,129,146,47,47,148,148,164,5,16,34,34,34,34,133,133,133,153,186,186],"floor_reached":30,"playtime":1091,"items_purged":["Defend_R"],"score":463,"play_id":"f08c5f73-b7c7-4d90-b443-3b2d7f8807bc","local_time":"20200224205116","is_ascension_mode":true,"campfire_choices":[{"data":"Feed","floor":7,"key":"SMITH"},{"floor":10,"key":"REST"},{"data":"Shockwave","floor":15,"key":"SMITH"},{"data":"Uppercut","floor":23,"key":"SMITH"}],"neow_cost":"NO_GOLD","seed_source_timestamp":8548103108600,"circlet_count":0,"master_deck":["AscendersBane","Strike_R","Strike_R","Strike_R","Strike_R","Strike_R","Defend_R","Defend_R","Defend_R","Feed+1","Pommel Strike","Flex","Sword Boomerang","Shockwave+1","Pummel","Battle Trance","Shrug It Off","Double Tap","Shrug It Off","Uppercut+1","Flex+1"],"relics":["Burning Blood","Self Forming Clay","Lantern","The Courier","Mark of Pain","Membership Card","Ancient Tea Set","Toxic Egg 2","Sundial"],"potions_floor_usage":[8,16,18,19,29,30],"damage_taken":[{"damage":11,"enemies":"Jaw Worm","floor":1,"turns":4},{"damage":6,"enemies":"Cultist","floor":3,"turns":4},{"damage":1,"enemies":"2 Louse","floor":4,"turns":4},{"damage":55,"enemies":"Lagavulin","floor":6,"turns":8},{"damage":29,"enemies":"3 Sentries","floor":8,"turns":7},{"damage":4,"enemies":"2 Fungi Beasts","floor":11,"turns":3},{"damage":0,"enemies":"Large Slime","floor":13,"turns":3},{"damage":52,"enemies":"The Guardian","floor":16,"turns":14},{"damage":17,"enemies":"Shell Parasite","floor":18,"turns":6},{"damage":24,"enemies":"Spheric Guardian","floor":20,"turns":4},{"damage":12,"enemies":"Centurion and Healer","floor":21,"turns":8},{"damage":19,"enemies":"Colosseum Slavers","floor":27,"turns":5},{"damage":21,"enemies":"Shelled Parasite and Fungi","floor":28,"turns":7},{"damage":41,"enemies":"Book of Stabbing","floor":29,"turns":8},{"damage":14,"enemies":"Snecko","floor":30,"turns":5}],"seed_played":"-554924054251947286","potions_obtained":[{"floor":4,"key":"Strength Potion"},{"floor":13,"key":"HeartOfIron"},{"floor":16,"key":"ColorlessPotion"},{"floor":28,"key":"Weak Potion"},{"floor":29,"key":"SneckoOil"}],"is_trial":false,"path_per_floor":["M","$","M","M","?","E","R","E","T","R","M","?","M","$","R","B",null,"M","$","M","M","?","R","?","?","T","?","M","E","M"],"character_chosen":"IRONCLAD","items_purchased":["Shrug It Off","Membership Card","Fruit Juice"],"campfire_rested":1,"item_purchase_floors":[14,19,19],"current_hp_per_floor":[70,70,73,81,81,35,35,16,16,44,50,50,60,60,60,18,86,79,84,70,68,68,68,68,68,68,59,48,13,0],"gold":186,"neow_bonus":"THREE_RARE_CARDS","is_prod":false,"is_daily":false,"chose_seed":false,"campfire_upgraded":3,"win_rate":0,"timestamp":1582559476,"path_taken":["M","$","M","M","?","E","R","E","T","R","M","?","M","$","R","BOSS","M","$","M","M","?","R","?","?","T","?","M","E","M"],"build_version":"2020-01-14","purchased_purges":1,"victory":false,"max_hp_per_floor":[83,83,86,89,89,92,92,96,96,96,100,100,104,104,104,108,108,112,117,121,125,125,125,125,125,125,129,133,133,133],"card_choices":[{"not_picked":["Fiend Fire","Immolate"],"picked":"Feed","floor":0},{"not_picked":["Anger","Twin Strike"],"picked":"Pommel Strike","floor":1},{"not_picked":["Pommel Strike","Wild Strike"],"picked":"Flex","floor":3},{"not_picked":["Seeing Red","Clothesline"],"picked":"Sword Boomerang","floor":4},{"not_picked":["Feel No Pain","Corruption"],"picked":"Shockwave","floor":6},{"not_picked":["Metallicize","Armaments"],"picked":"Pummel","floor":8},{"not_picked":["Anger","Perfected Strike"],"picked":"Battle Trance","floor":11},{"not_picked":["Body Slam","Anger","Iron Wave"],"picked":"SKIP","floor":13},{"not_picked":["Corruption","Brutality"],"picked":"Double Tap","floor":16},{"not_picked":["Wild Strike","Hemokinesis+1"],"picked":"Shrug It Off","floor":18},{"not_picked":["Twin Strike","Hemokinesis","Flex"],"picked":"SKIP","floor":20},{"not_picked":["Carnage+1","Rupture+1"],"picked":"Uppercut","floor":21},{"not_picked":["Clash","Havoc+1","Anger"],"picked":"SKIP","floor":28},{"not_picked":["Hemokinesis","Thunderclap"],"picked":"Flex+1","floor":29}],"player_experience":309456,"relics_obtained":[{"floor":6,"key":"Self Forming Clay"},{"floor":8,"key":"Lantern"},{"floor":9,"key":"The Courier"},{"floor":26,"key":"Toxic Egg 2"},{"floor":29,"key":"Sundial"}],"event_choices":[{"damage_healed":0,"gold_gain":0,"player_choice":"Leave","damage_taken":0,"max_hp_gain":0,"max_hp_loss":0,"event_name":"The Cleric","floor":5,"gold_loss":0},{"cards_removed":["Bash"],"damage_healed":0,"gold_gain":0,"player_choice":"Purged","damage_taken":0,"max_hp_gain":0,"max_hp_loss":0,"event_name":"Purifier","floor":12,"gold_loss":0},{"damage_healed":0,"gold_gain":0,"player_choice":"Opened","damage_taken":0,"relics_obtained":["Ancient Tea Set"],"max_hp_gain":0,"max_hp_loss":0,"event_name":"The Mausoleum","floor":22,"gold_loss":0},{"damage_healed":0,"gold_gain":99,"player_choice":"Stole From Cult","damage_taken":0,"max_hp_gain":0,"max_hp_loss":0,"event_name":"Nest","floor":25,"gold_loss":0},{"damage_healed":0,"gold_gain":0,"player_choice":"Fight","damage_taken":0,"max_hp_gain":0,"max_hp_loss":0,"event_name":"Colosseum","floor":27,"gold_loss":0},{"damage_healed":0,"gold_gain":0,"player_choice":"Fled From Nobs","damage_taken":0,"max_hp_gain":0,"max_hp_loss":0,"event_name":"Colosseum","floor":27,"gold_loss":0}],"is_beta":false,"boss_relics":[{"not_picked":["Philosopher\u0027s Stone","SacredBark"],"picked":"Mark of Pain"}],"items_purged_floors":[14],"is_endless":false,"potions_floor_spawned":[4,13,16,28,29],"killed_by":"Snecko","ascension_level":12}