{"gold_per_floor":[210,210,210,233,51,51,84,114,114,145,168,186,34,34,34,162,162,180,163,179,194,128,128,137,137,146,146,162,87,102,102,102,102],"floor_reached":33,"playtime":1217,"items_purged":["Regret"],"score":408,"play_id":"59081bb2-e770-457b-9ab1-d34e418ceefb","local_time":"20200307170131","is_ascension_mode":true,"campfire_choices":[{"data":"Wild Strike","floor":6.0,"key":"SMITH"},{"data":"Wild Strike","floor":15.0,"key":"SMITH"},{"data":"Feel No Pain","floor":23,"key":"SMITH"},{"data":"Wild Strike","floor":25,"key":"SMITH"},{"data":"Evolve","floor":27,"key":"SMITH"},{"data":"Bash","floor":32,"key":"SMITH"}],"neow_cost":"NONE","seed_source_timestamp":0,"circlet_count":0,"master_deck":["AscendersBane","Strike_R","Strike_R","Strike_R","Strike_R","Strike_R","Defend_R","Defend_R+1","Defend_R+1","Defend_R","Bash+1","Wild Strike+1","Evolve+1","Wild Strike+1","Intimidate","Wild Strike+1","Feel No Pain+1","Impervious","Power Through","Writhe"],"special_seed":0,"relics":["Burning Blood","War Paint","Golden Idol","Meat on the Bone","Odd Mushroom","Darkstone Periapt","CeramicFish","Medical Kit","Kunai","Cursed Key","Strawberry","Matryoshka"],"potions_floor_usage":[28,33],"damage_taken":[{"damage":3.0,"enemies":"2 Louse","floor":1.0,"turns":4.0},{"damage":4.0,"enemies":"Small Slimes","floor":4.0,"turns":4.0},{"damage":18.0,"enemies":"3 Sentries","floor":7.0,"turns":8.0},{"damage":12.0,"enemies":"The Mushroom Lair","floor":8.0,"turns":6.0},{"damage":36.0,"enemies":"Lagavulin","floor":10.0,"turns":10.0},{"damage":4.0,"enemies":"Jaw Worm","floor":11.0,"turns":2.0},{"damage":0.0,"enemies":"2 Fungi Beasts","floor":12.0,"turns":3.0},{"damage":57.0,"enemies":"Slime Boss","floor":16.0,"turns":11.0},{"damage":24,"enemies":"3 Byrds","floor":18,"turns":7},{"damage":17,"enemies":"2 Thieves","floor":19,"turns":4},{"damage":35,"enemies":"Cultist and Chosen","floor":20,"turns":8},{"damage":6,"enemies":"Centurion and Healer","floor":21,"turns":7},{"damage":31,"enemies":"Sentry and Sphere","floor":28,"turns":8},{"damage":2,"enemies":"Snake Plant","floor":30,"turns":4},{"damage":63,"enemies":"Collector","floor":33,"turns":11}],"seed_played":"2355897808050204881","potions_obtained":[{"floor":4.0,"key":"BlessingOfTheForge"},{"floor":10.0,"key":"Swift Potion"},{"floor":11.0,"key":"Dexterity Potion"},{"floor":20,"key":"AttackPotion"}],"is_trial":false,"path_per_floor":["M","?","?","M","$","R","E","?","T","E","M","M","$","T","R","B",null,"M","M","M","M","$","R","?","R","T","R","M","?","M","?","R","B"],"character_chosen":"IRONCLAD","items_purchased":["Evolve","Wild Strike","Medical Kit","Power Through"],"campfire_rested":0,"item_purchase_floors":[5,5,13,22],"current_hp_per_floor":[75,75,74,74,74,74,62,56,56,38,52,58,58,58,58,19,60,54,55,38,50,50,50,63,63,69,69,56,56,60,60,60,0],"gold":102,"neow_bonus":"HUNDRED_GOLD","is_prod":false,"is_daily":false,"chose_seed":false,"campfire_upgraded":6,"win_rate":0,"timestamp":1583582491,"path_taken":["M","?","?","M","$","R","E","?","T","E","M","M","$","?","R","BOSS","M","M","M","M","$","R","?","R","T","R","M","?","?","?","R","BOSS"],"build_version":"2020-01-14","purchased_purges":1,"victory":false,"max_hp_per_floor":[80,80,74,74,74,74,74,74,74,74,74,74,74,74,74,74,74,74,74,74,74,74,74,87,87,93,93,93,93,93,93,93,93],"card_choices":[{"not_picked":["Havoc","Heavy Blade"],"picked":"Wild Strike","floor":1.0},{"not_picked":["Heavy Blade","Sentinel","Flex"],"picked":"SKIP","floor":4.0},{"not_picked":["Barricade","Flex"],"picked":"Intimidate","floor":7.0},{"not_picked":["Flame Barrier","Cleave"],"picked":"Wild Strike","floor":8.0},{"not_picked":["Demon Form","Headbutt","Pommel Strike"],"picked":"SKIP","floor":10.0},{"not_picked":["Sentinel","Pommel Strike"],"picked":"Feel No Pain","floor":11.0},{"not_picked":["Dark Embrace","Body Slam","Clash"],"picked":"SKIP","floor":12.0},{"not_picked":["Barricade","Double Tap"],"picked":"Impervious","floor":16.0},{"not_picked":["Evolve","Sword Boomerang","Headbutt"],"picked":"SKIP","floor":18},{"not_picked":["Rage+1","True Grit","Bloodletting"],"picked":"SKIP","floor":19},{"not_picked":["Armaments","Headbutt","Evolve"],"picked":"SKIP","floor":20},{"not_picked":["Perfected Strike","Double Tap","Combust"],"picked":"SKIP","floor":21},{"not_picked":["Headbutt","Dropkick+1","Cleave+1"],"picked":"SKIP","floor":28},{"not_picked":["Pommel Strike","Flex","Cleave"],"picked":"SKIP","floor":30}],"player_experience":317281,"relics_obtained":[{"floor":7.0,"key":"Meat on the Bone"},{"floor":8.0,"key":"Odd Mushroom"},{"floor":9.0,"key":"Darkstone Periapt"},{"floor":10.0,"key":"CeramicFish"},{"floor":14.0,"key":"Kunai"},{"floor":26,"key":"Matryoshka"}],"event_choices":[{"damage_healed":0.0,"max_hp_gain":0.0,"max_hp_loss":0.0,"gold_gain":0.0,"event_name":"Big Fish","player_choice":"Box","floor":2.0,"gold_loss":0.0,"damage_taken":0.0,"relics_obtained":["War Paint"],"cards_obtained":["Regret"]},{"damage_healed":0.0,"max_hp_gain":0.0,"max_hp_loss":6.0,"gold_gain":0.0,"event_name":"Golden Idol","player_choice":"Lose Max HP","floor":3.0,"gold_loss":0.0,"damage_taken":0.0,"relics_obtained":["Golden Idol"]},{"damage_healed":0.0,"max_hp_gain":0.0,"max_hp_loss":0.0,"gold_gain":0.0,"event_name":"Mushrooms","player_choice":"Fought Mushrooms","floor":8.0,"gold_loss":0.0,"damage_taken":0.0},{"damage_healed":0,"gold_gain":0,"player_choice":"Opened","damage_taken":0,"relics_obtained":["Strawberry"],"max_hp_gain":0,"max_hp_loss":0,"event_name":"The Mausoleum","floor":24,"gold_loss":0,"cards_obtained":["Writhe"]},{"cards_removed":["Normality"],"damage_healed":0,"gold_gain":0,"player_choice":"Gave Gold","damage_taken":0,"max_hp_gain":0,"max_hp_loss":0,"event_name":"Beggar","floor":29,"gold_loss":75},{"damage_healed":0,"gold_gain":0,"player_choice":"Ignored","damage_taken":0,"max_hp_gain":0,"max_hp_loss":0,"event_name":"Ghosts","floor":31,"gold_loss":0}],"is_beta":false,"boss_relics":[{"not_picked":["SlaversCollar","Philosopher\u0027s Stone"],"picked":"Cursed Key"}],"items_purged_floors":[5],"is_endless":false,"potions_floor_spawned":[4,10,11,12,20],"killed_by":"Collector","ascension_level":12}