{"gold_per_floor":[111,111,111,111,129,129,146,146,170,199,42,55,55,22,22,123,123,136,154,154,253,133,133,149,149,149,149,169,169,21,34,34,137,137,152,152,165,65,65,65,75,75,75,86,113,0,0,16,16,16],"floor_reached":51,"playtime":1268,"items_purged":["Defend_R","Defend_R"],"score":1121,"play_id":"62d806d1-de3e-4004-9273-768794a164b5","local_time":"20200317000118","is_ascension_mode":true,"campfire_choices":[{"data":"1","floor":6,"key":"LIFT"},{"data":"2","floor":8,"key":"LIFT"},{"data":"Limit Break","floor":15,"key":"SMITH"},{"data":"3","floor":23,"key":"LIFT"},{"data":"Double Tap","floor":27,"key":"SMITH"},{"data":"Shrug It Off","floor":29,"key":"SMITH"},{"data":"Shrug It Off","floor":32,"key":"SMITH"},{"data":"Heavy Blade","floor":40,"key":"SMITH"},{"data":"Shrug It Off","floor":42,"key":"SMITH"},{"data":"Heavy Blade","floor":49,"key":"SMITH"}],"neow_cost":"TEN_PERCENT_HP_LOSS","seed_source_timestamp":68718372448600,"circlet_count":0,"master_deck":["AscendersBane","Strike_R","Strike_R","Strike_R","Bash","Twin Strike","Power Through","Limit Break+1","Inflame","Double Tap+1","Seeing Red","Shrug It Off+1","Limit Break+1","Shrug It Off+1","Shrug It Off+1","Impervious","Infernal Blade+1","Pummel+1","Evolve+1","Heavy Blade+1","Heavy Blade+1"],"relics":["Burning Blood","Girya","Singing Bowl","Blood Vial","Odd Mushroom","Omamori","Cursed Key","Mercury Hourglass","Orrery","Astrolabe","Bag of Marbles","Gambling Chip","Red Mask"],"potions_floor_usage":[19,24,33,35,48],"damage_taken":[{"damage":6,"enemies":"Cultist","floor":1,"turns":4},{"damage":1,"enemies":"Small Slimes","floor":5,"turns":4},{"damage":3,"enemies":"2 Louse","floor":7,"turns":4},{"damage":21,"enemies":"The Mushroom Lair","floor":10,"turns":4},{"damage":0,"enemies":"Exordium Wildlife","floor":12,"turns":2},{"damage":35,"enemies":"Hexaghost","floor":16,"turns":8},{"damage":0,"enemies":"Chosen","floor":18,"turns":4},{"damage":20,"enemies":"3 Byrds","floor":19,"turns":5},{"damage":33,"enemies":"Sentry and Sphere","floor":24,"turns":4},{"damage":10,"enemies":"Snecko","floor":28,"turns":3},{"damage":12,"enemies":"Cultist and Chosen","floor":31,"turns":6},{"damage":48,"enemies":"Collector","floor":33,"turns":5},{"damage":30,"enemies":"3 Shapes","floor":35,"turns":4},{"damage":0,"enemies":"Orb Walker","floor":37,"turns":3},{"damage":1,"enemies":"Writhing Mass","floor":41,"turns":4},{"damage":0,"enemies":"Maw","floor":44,"turns":4},{"damage":2,"enemies":"Giant Head","floor":45,"turns":5},{"damage":0,"enemies":"Jaw Worm Horde","floor":48,"turns":2},{"damage":33,"enemies":"Awakened One","floor":50,"turns":6}],"seed_played":"874428289028157002","potions_obtained":[{"floor":7,"key":"BloodPotion"},{"floor":10,"key":"Regen Potion"},{"floor":19,"key":"SteroidPotion"},{"floor":24,"key":"Fruit Juice"},{"floor":28,"key":"ColorlessPotion"},{"floor":37,"key":"AttackPotion"}],"is_trial":false,"path_per_floor":["M","?","?","?","M","R","M","R","T","?","$","M","?","$","R","B",null,"M","M","?","?","$","R","M","?","T","R","M","R","$","M","R","B",null,"M","?","M","$","?","R","M","R","T","M","E","?","$","M","R","B",null],"character_chosen":"IRONCLAD","items_purchased":["Omamori","Inflame","Shrug It Off","Orrery"],"campfire_rested":0,"item_purchase_floors":[11,14,22,30],"current_hp_per_floor":[72,72,65,70,75,75,77,77,77,64,64,72,72,72,72,45,71,79,81,81,81,81,81,61,61,61,61,59,59,67,65,65,25,80,60,60,68,68,68,68,77,77,77,87,95,95,95,101,101,74],"gold":16,"neow_bonus":"ONE_RARE_RELIC","is_prod":false,"is_daily":false,"chose_seed":false,"campfire_upgraded":7,"win_rate":0,"timestamp":1584385278,"path_taken":["M","?","?","?","M","R","M","R","T","?","?","?","?","$","R","BOSS","M","M","?","?","$","R","M","?","T","R","?","R","$","M","R","BOSS","M","?","?","$","?","R","M","R","T","M","E","?","?","M","R","BOSS"],"build_version":"2020-01-14","purchased_purges":2,"victory":true,"max_hp_per_floor":[72,72,72,77,77,77,77,77,77,79,79,79,79,79,79,79,79,79,81,81,81,81,81,88,88,88,88,88,88,96,98,98,98,98,100,100,100,100,95,95,97,97,97,99,101,101,101,101,101,101],"card_choices":[{"not_picked":["Pommel Strike","Rampage","Carnage"],"picked":"SKIP","floor":1},{"not_picked":["Clash","Clothesline"],"picked":"Twin Strike","floor":5},{"not_picked":["Flex","Whirlwind"],"picked":"Power Through","floor":7},{"not_picked":["Ghostly Armor","Disarm","Carnage"],"picked":"Singing Bowl","floor":10},{"not_picked":["Heavy Blade","Havoc"],"picked":"Limit Break","floor":12},{"not_picked":["Feed","Bludgeon"],"picked":"Double Tap","floor":16},{"not_picked":["Reckless Charge","Perfected Strike+1"],"picked":"Seeing Red","floor":18},{"not_picked":["Bloodletting","Iron Wave","Perfected Strike"],"picked":"Singing Bowl","floor":19},{"not_picked":["Perfected Strike","Body Slam","Feed"],"picked":"Singing Bowl","floor":24},{"not_picked":["Thunderclap","Intimidate"],"picked":"Shrug It Off","floor":28},{"not_picked":["Hemokinesis","Iron Wave"],"picked":"Shrug It Off","floor":30},{"not_picked":["Body Slam","Infernal Blade","Clothesline"],"picked":"Singing Bowl","floor":30},{"not_picked":["Clash","Flex","Thunderclap+1"],"picked":"Singing Bowl","floor":30},{"not_picked":["Anger","Sever Soul","Clash"],"picked":"Singing Bowl","floor":30},{"not_picked":["Pommel Strike","Corruption","Carnage"],"picked":"Singing Bowl","floor":30},{"not_picked":["Havoc","Anger","Sword Boomerang"],"picked":"Singing Bowl","floor":31},{"not_picked":["Corruption","Barricade"],"picked":"Impervious","floor":33},{"not_picked":["Pommel Strike","Uppercut","Sentinel"],"picked":"Singing Bowl","floor":35},{"not_picked":["Searing Blow","Dual Wield"],"picked":"Heavy Blade","floor":37},{"not_picked":["Armaments","Entrench","Offering"],"picked":"Singing Bowl","floor":41},{"not_picked":["Armaments","Pummel","Ghostly Armor"],"picked":"Singing Bowl","floor":44},{"not_picked":["Pommel Strike+1","Disarm","True Grit+1"],"picked":"Singing Bowl","floor":45},{"not_picked":["Twin Strike","Body Slam"],"picked":"Heavy Blade","floor":48}],"player_experience":322374,"relics_obtained":[{"floor":9,"key":"Blood Vial"},{"floor":10,"key":"Odd Mushroom"},{"floor":26,"key":"Mercury Hourglass"},{"floor":36,"key":"Bag of Marbles"},{"floor":45,"key":"Gambling Chip"}],"event_choices":[{"cards_removed":["Strike_R"],"damage_healed":0,"gold_gain":0,"player_choice":"Forget","damage_taken":0,"max_hp_gain":0,"max_hp_loss":0,"event_name":"Living Wall","floor":2,"gold_loss":0},{"damage_healed":0,"gold_gain":0,"player_choice":"Success","damage_taken":7,"relics_obtained":["Singing Bowl"],"max_hp_gain":0,"max_hp_loss":0,"event_name":"Scrap Ooze","floor":3,"gold_loss":0},{"damage_healed":0,"gold_gain":0,"player_choice":"Donut","damage_taken":0,"max_hp_gain":5,"max_hp_loss":0,"event_name":"Big Fish","floor":4,"gold_loss":0},{"damage_healed":0,"gold_gain":0,"player_choice":"Fought Mushrooms","damage_taken":0,"max_hp_gain":0,"max_hp_loss":0,"event_name":"Mushrooms","floor":10,"gold_loss":0},{"damage_healed":0,"gold_gain":0,"player_choice":"Searched \u00270\u0027 times","damage_taken":0,"max_hp_gain":0,"max_hp_loss":0,"event_name":"Dead Adventurer","floor":13,"gold_loss":0},{"damage_healed":0,"gold_gain":99,"player_choice":"Stole From Cult","damage_taken":0,"max_hp_gain":0,"max_hp_loss":0,"event_name":"Nest","floor":21,"gold_loss":0},{"damage_healed":0,"gold_gain":0,"player_choice":"Copied","damage_taken":0,"max_hp_gain":0,"max_hp_loss":0,"event_name":"Duplicator","floor":25,"gold_loss":0,"cards_obtained":["Limit Break"]},{"damage_healed":0,"gold_gain":0,"player_choice":"Relic","damage_taken":0,"max_hp_gain":0,"max_hp_loss":0,"event_name":"Wheel of Change","floor":36,"gold_loss":0},{"damage_healed":0,"gold_gain":0,"player_choice":"Max HP","damage_taken":0,"max_hp_gain":0,"max_hp_loss":5,"event_name":"Winding Halls","floor":39,"gold_loss":0},{"damage_healed":0,"gold_gain":0,"player_choice":"Paid","damage_taken":0,"relics_obtained":["Red Mask"],"max_hp_gain":0,"max_hp_loss":0,"event_name":"Tomb of Lord Red Mask","floor":46,"gold_loss":113}],"is_beta":false,"boss_relics":[{"not_picked":["Velvet Choker","Runic Pyramid"],"picked":"Cursed Key"},{"not_picked":["Sozu","Philosopher\u0027s Stone"],"picked":"Astrolabe"}],"items_purged_floors":[22,38],"is_endless":false,"potions_floor_spawned":[7,10,16,19,24,28,31,37],"ascension_level":12}