{"gold_per_floor":[114,114,129,129,94,169,188,226,226,264,264,283,302,340,340,465,465,484,484,503,522,540,540,540,639,689,689,708,708,746,765,765,890,890,909,909,134,153,172,172,143,143,143,476,506,506,506,521,521,521],"floor_reached":51,"playtime":1497,"items_purged":["Leap"],"score":1088,"play_id":"1f1c696f-b9b5-441f-b6c4-9382b3d4b7b3","local_time":"20191201213539","daily_mods":["Draft","Vintage","Binary"],"is_ascension_mode":false,"campfire_choices":[{"data":"Defragment","floor":11,"key":"SMITH"},{"data":"Lockon","floor":15,"key":"SMITH"},{"data":"Fission","floor":24,"key":"SMITH"},{"data":"Consume","floor":29,"key":"SMITH"},{"data":"Go for the Eyes","floor":32,"key":"SMITH"},{"data":"Capacitor","floor":40,"key":"SMITH"},{"data":"Beam Cell","floor":42,"key":"SMITH"},{"data":"Capacitor","floor":49,"key":"SMITH"}],"neow_cost":"","seed_source_timestamp":0,"circlet_count":0,"master_deck":["FTL","Ball Lightning","Beam Cell+1","Consume+1","Coolheaded","Cold Snap","Defragment+1","Capacitor+1","Ball Lightning+1","Glacier","Ball Lightning","Capacitor+1","Sunder","Compile Driver+1","Go for the Eyes+1","Lockon+1","Fission+1","Lockon+1","Fission+1","Static Discharge+1"],"special_seed":18231,"relics":["Cracked Core","Blood Vial","Singing Bowl","Frozen Egg 2","InkBottle","Girya","Kunai","Whetstone","DataDisk","StrikeDummy","HornCleat","Busted Crown","Bronze Scales","Eternal Feather","Shuriken","Red Mask","Mercury Hourglass","Juzu Bracelet","Akabeko","Cables","Sundial","Nuclear Battery","Molten Egg 2","CaptainsWheel","Symbiotic Virus","DollysMirror","Bag of Marbles","CeramicFish","Darkstone Periapt","Strawberry","Regal Pillow"],"potions_floor_usage":[3,18,35,50,50,50],"damage_taken":[{"damage":0,"enemies":"Small Slimes","floor":1,"turns":2},{"damage":7,"enemies":"2 Louse","floor":3,"turns":2},{"damage":0,"enemies":"Jaw Worm","floor":7,"turns":1},{"damage":11,"enemies":"Gremlin Nob","floor":8,"turns":3},{"damage":0,"enemies":"Lagavulin","floor":10,"turns":6},{"damage":0,"enemies":"Large Slime","floor":12,"turns":5},{"damage":0,"enemies":"Lots of Slimes","floor":13,"turns":2},{"damage":9,"enemies":"3 Sentries","floor":14,"turns":6},{"damage":0,"enemies":"Hexaghost","floor":16,"turns":6},{"damage":0,"enemies":"Shell Parasite","floor":18,"turns":3},{"damage":0,"enemies":"3 Byrds","floor":20,"turns":3},{"damage":0,"enemies":"Snecko","floor":21,"turns":3},{"damage":0,"enemies":"Masked Bandits","floor":22,"turns":4},{"damage":1,"enemies":"Snake Plant","floor":28,"turns":3},{"damage":0,"enemies":"Gremlin Leader","floor":30,"turns":4},{"damage":0,"enemies":"Centurion and Healer","floor":31,"turns":2},{"damage":0,"enemies":"Champ","floor":33,"turns":6},{"damage":3,"enemies":"3 Shapes","floor":35,"turns":1},{"damage":6,"enemies":"Orb Walker","floor":38,"turns":2},{"damage":0,"enemies":"Maw","floor":39,"turns":2},{"damage":0,"enemies":"Giant Head","floor":45,"turns":4},{"damage":0,"enemies":"Spire Growth","floor":48,"turns":2},{"damage":0,"enemies":"Time Eater","floor":50,"turns":3}],"seed_played":"5514095872902461867","potions_obtained":[{"floor":1,"key":"GamblersBrew"},{"floor":8,"key":"GamblersBrew"},{"floor":10,"key":"Fire Potion"},{"floor":22,"key":"Strength Potion"},{"floor":28,"key":"AttackPotion"},{"floor":35,"key":"Ancient Potion"},{"floor":36,"key":"EntropicBrew"},{"floor":36,"key":"PowerPotion"}],"is_trial":false,"path_per_floor":["M","?","M","?","?","?","M","E","T","E","R","M","M","E","R","B",null,"M","?","M","M","?","T","R","?","T","?","M","R","E","M","R","B",null,"M","?","$","M","M","R","$","R","T","?","E","?","?","M","R","B",null],"character_chosen":"DEFECT","items_purchased":["CaptainsWheel","Symbiotic Virus","DollysMirror","Static Discharge+1"],"campfire_rested":0,"item_purchase_floors":[37,37,37,41],"current_hp_per_floor":[75,68,63,45,63,52,54,47,47,49,49,51,53,46,46,48,77,77,77,77,77,77,77,77,77,77,77,76,77,77,77,77,77,77,74,74,74,70,72,77,77,77,77,77,84,84,80,80,80,80],"gold":521,"neow_bonus":"","is_prod":false,"is_daily":true,"chose_seed":false,"campfire_upgraded":8,"win_rate":0,"timestamp":1575218139,"path_taken":["M","?","M","?","?","?","M","E","T","E","R","?","M","E","R","BOSS","M","?","M","?","?","?","R","?","T","?","M","R","E","M","R","BOSS","M","?","$","M","M","R","?","R","T","?","E","?","?","M","R","BOSS"],"build_version":"2019-10-30","purchased_purges":1,"victory":true,"max_hp_per_floor":[75,75,75,75,75,75,75,77,77,77,77,77,77,77,77,77,77,77,77,77,77,77,77,77,77,77,77,77,77,77,77,77,77,77,77,77,77,77,77,77,77,77,77,77,84,84,80,80,80,80],"card_choices":[{"not_picked":["Streamline","Ball Lightning"],"picked":"FTL","floor":0},{"not_picked":["Compile Driver","Capacitor"],"picked":"Ball Lightning","floor":0},{"not_picked":["Ball Lightning","Turbo"],"picked":"Beam Cell","floor":0},{"not_picked":["Compile Driver","Ball Lightning"],"picked":"Consume","floor":0},{"not_picked":["Leap","Compile Driver"],"picked":"Coolheaded","floor":0},{"not_picked":["Streamline","Compile Driver"],"picked":"Cold Snap","floor":0},{"not_picked":["Sweeping Beam","Darkness"],"picked":"Defragment","floor":0},{"not_picked":["Barrage","Self Repair"],"picked":"Capacitor","floor":0},{"not_picked":["Aggregate","Consume"],"picked":"Ball Lightning","floor":0},{"not_picked":["Aggregate","Redo"],"picked":"Leap","floor":0},{"not_picked":["Conserve Battery","Steam"],"picked":"Glacier","floor":0},{"not_picked":["Redo","Coolheaded"],"picked":"Ball Lightning","floor":0},{"not_picked":["Recycle","Gash"],"picked":"Capacitor","floor":0},{"not_picked":["Stack","Coolheaded"],"picked":"Sunder","floor":0},{"not_picked":["Coolheaded","Conserve Battery"],"picked":"Compile Driver","floor":0},{"not_picked":["Steam","Chaos"],"picked":"Singing Bowl","floor":8},{"not_picked":["Compile Driver"],"picked":"Go for the Eyes","floor":10},{"not_picked":["Redo"],"picked":"Lockon","floor":14},{"not_picked":["Multi-Cast"],"picked":"Fission","floor":16}],"player_experience":113043,"relics_obtained":[{"floor":1,"key":"Blood Vial"},{"floor":3,"key":"Frozen Egg 2"},{"floor":7,"key":"InkBottle"},{"floor":8,"key":"Girya"},{"floor":9,"key":"Kunai"},{"floor":10,"key":"Whetstone"},{"floor":12,"key":"DataDisk"},{"floor":13,"key":"StrikeDummy"},{"floor":14,"key":"HornCleat"},{"floor":18,"key":"Bronze Scales"},{"floor":20,"key":"Eternal Feather"},{"floor":21,"key":"Shuriken"},{"floor":22,"key":"Red Mask"},{"floor":23,"key":"Mercury Hourglass"},{"floor":26,"key":"Juzu Bracelet"},{"floor":28,"key":"Akabeko"},{"floor":30,"key":"Cables"},{"floor":31,"key":"Sundial"},{"floor":35,"key":"Molten Egg 2"},{"floor":38,"key":"Bag of Marbles"},{"floor":39,"key":"CeramicFish"},{"floor":43,"key":"Darkstone Periapt"},{"floor":45,"key":"Strawberry"},{"floor":48,"key":"Regal Pillow"}],"event_choices":[{"damage_healed":0,"gold_gain":0,"player_choice":"Success","damage_taken":7,"relics_obtained":["Singing Bowl"],"max_hp_gain":0,"max_hp_loss":0,"event_name":"Scrap Ooze","floor":2,"gold_loss":0},{"damage_healed":0,"gold_gain":0,"player_choice":"Take Damage","damage_taken":18,"relics_obtained":["Golden Idol"],"max_hp_gain":0,"max_hp_loss":0,"event_name":"Golden Idol","floor":4,"gold_loss":0},{"damage_healed":18,"gold_gain":0,"player_choice":"Healed","damage_taken":0,"max_hp_gain":0,"max_hp_loss":0,"event_name":"The Cleric","floor":5,"gold_loss":35},{"damage_healed":0,"gold_gain":75,"player_choice":"Gather Gold","damage_taken":11,"max_hp_gain":0,"max_hp_loss":0,"event_name":"World of Goop","floor":6,"gold_loss":0},{"damage_healed":0,"gold_gain":0,"player_choice":"Copied","damage_taken":0,"max_hp_gain":0,"max_hp_loss":0,"event_name":"Duplicator","floor":19,"gold_loss":0,"cards_obtained":["Lockon"]},{"damage_healed":0,"gold_gain":0,"player_choice":"Fought Bandits","damage_taken":0,"max_hp_gain":0,"max_hp_loss":0,"event_name":"Masked Bandits","floor":22,"gold_loss":0},{"damage_healed":0,"gold_gain":99,"player_choice":"Stole From Cult","damage_taken":0,"max_hp_gain":0,"max_hp_loss":0,"event_name":"Nest","floor":25,"gold_loss":0},{"damage_healed":0,"gold_gain":0,"player_choice":"Ignored","damage_taken":0,"max_hp_gain":0,"max_hp_loss":0,"event_name":"Ghosts","floor":27,"gold_loss":0},{"damage_healed":0,"gold_gain":0,"player_choice":"Got Potions","damage_taken":0,"max_hp_gain":0,"max_hp_loss":0,"event_name":"Lab","floor":36,"gold_loss":0},{"damage_healed":0,"gold_gain":333,"player_choice":"Gave Idol","damage_taken":0,"max_hp_gain":0,"max_hp_loss":0,"event_name":"The Moai Head","floor":44,"relics_lost":["Golden Idol"],"gold_loss":0},{"damage_healed":0,"gold_gain":0,"player_choice":"Memory 1","damage_taken":0,"max_hp_gain":0,"max_hp_loss":0,"event_name":"SensoryStone","floor":46,"gold_loss":0},{"damage_healed":0,"gold_gain":0,"player_choice":"Max HP","damage_taken":0,"max_hp_gain":0,"max_hp_loss":4,"event_name":"Winding Halls","floor":47,"gold_loss":0}],"is_beta":true,"boss_relics":[{"not_picked":["Velvet Choker","SlaversCollar"],"picked":"Busted Crown"},{"not_picked":["Black Star","Snecko Eye"],"picked":"Nuclear Battery"}],"items_purged_floors":[37],"is_endless":false,"potions_floor_spawned":[1,8,10,22,28,30,35,38],"ascension_level":0}